2634 4682
37 301 169 432 rac(
383 317 655 405 ··‘····‘····
710 373 713 389 ·
858 351 946 450 145

37 579 194 653 Thorem
213 586 253 645 et
267 572 453 660 Odinem3
483 597 588 646 nunc
604 593 741 648 autem·
752 599 798 650 ex
812 583 890 656 tuis
905 610 1009 657 max·

36 682 104 750 ime
127 681 251 748 verbis
283 676 502 770 intelligere
522 667 631 747 mihi'
642 681 792 771 videor,
836 685 879 756 in
902 688 1026 768 hunc.

36 781 238 867 Christum,
263 801 377 870 quern
388 777 584 868 praedicas,
611 781 704 852 dum
720 782 761 851 in
773 783 847 855 hoc
863 790 1008 860 mundo

33 883 129 974 fuit,
143 881 283 972 cuique
297 878 419 948 ferme
435 879 585 950 homini
599 903 670 974 pro
689 882 814 954 lubitu
830 907 944 979 agere
963 890 1008 960 li-

34 983 164 1073 coisse,
190 994 280 1074 post
301 993 468 1058 mortem
489 1003 580 1049 vero
599 983 693 1052 adeo
714 984 903 1058 eximium
924 987 1008 1061 eva-'-

32 1086 131 1174 sisse,
170 1081 280 1152 utin
302 1079 459 1150 infernis
482 1081 584 1150 bella
608 1084 789 1176 gesserit,
833 1089 1008 1163 Thorem

32 1185 264 1254 ethnicorum
273 1181 438 1252 deorum
452 1181 668 1273 principem
683 1185 934 1284 colligaverit,
948 1193 1007 1261 ni·
1099 1181 1103 1188 ⁴

30 1287 150 1377 hilque
171 1285 353 1374 deinceps
375 1281 434 1350 illi
455 1281 633 1352 resistere
655 1289 847 1376 potuerit,
883 1313 1005 1381 quare

29 1387 106 1456 ille
96 1411 176 1478 ipse
191 1384 292 1454 mihi
308 1382 459 1452 videtur
475 1405 542 1452 rex
557 1407 654 1500 esse,
681 1386 744 1455 cui
761 1403 806 1456 ut
822 1391 1007 1465 servirem

28 1502 148 1558 votum
162 1485 257 1575 feci,
290 1483 427 1554 celsior
449 1497 488 1553 et
500 1485 719 1578 augustior,
743 1490 865 1578 major
883 1505 922 1560 et
938 1515 1005 1582 po-

27 1589 155 1658 tentior
171 1583 351 1657 omnibus
370 1583 453 1655 aliis
470 1585 646 1679 regibus5
685 1588 849 1680 ideoque
867 1592 1005 1663 exinde

26 1689 60 1758 in
72 1712 158 1758 eum
172 1688 328 1758 credam
342 1685 479 1777 illique
495 1687 675 1778 serviam,
711 1705 828 1781 prout
848 1715 913 1762 vos
939 1713 1004 1766 me

26 1788 217 1859 instruitis.
268 1785 481 1879 Episcopus
504 1785 626 1862 fatur:
661 1789 744 1858 haec
768 1793 897 1865 omnia
915 1815 1004 1863 vera

25 1905 120 1980 sunt,
145 1887 301 1983 prouti,
321 1889 391 1957 deo
404 1902 654 1982 suggerente,
680 1891 780 1960 hanc
796 1891 1003 1962 remintel·

24 1992 114 2060 lectu
125 2003 353 2060 consecutus
371 2011 430 2074 es,
458 2003 496 2058 et
510 2011 615 2059 nunc
634 1991 773 2082 evenit,
799 1989 1002 2085 quoddixi,

23 2105 56 2160 te
81 2095 204 2162 multo
240 2090 511 2181 sapientiorem
540 2113 640 2181 esse,
679 2113 799 2184 'quarn
830 2093 999 2164 simules.

24 2193 285 2264 TumFinnus
314 2191 528 2282 baptizatus
559 2207 633 2281 est,
672 2189 866 2285 fidemque
889 2217 1008 2291 suam⁸
1107 2281 1111 2290 ι

23 2307 231 2364 constanter
243 2293 389 2379 tenuit,
416 2291 448 2361 is
460 2291 697 2389 aliquamdiu
712 2293 754 2363 in
764 2295 889 2366 Dania
900 2317 1001 2364 com·
1070 2357 1074 2368 .

21 2410 177 2465 moratus
202 2406 269 2464 est.
345 2453 348 2470 .

113 2562 367 2661 -Colloquium
393 2535 644 2660 interregem
667 2577 706 2636 et
730 2527 897 2637 dveines.

108 2700 201 2792 Cap.
218 2709 291 2774 202.
344 2701 456 2772 Nunc
477 2697 523 2769 de
551 2706 597 2770 e'o
616 2687 869 2789 narrandum,
897 2697 1000 2792 quod
1096 2689 1106 2700 ’

18 2819 75 2868 rex
89 2803 230 2871 Olavus
244 2801 387 2870 incolas
400 2801 598 2894 Norvegiae
614 2801 662 2870 ad
671 2799 999 2871 christianismum

19 2917 259 2972 converterat.
321 2901 404 2974 Etsi
423 2923 515 2970 vero
538 2901 747 2971 multitudo
765 2925 788 2972 a
802 2902 998 2996 presbyte-

17 3001 78 3092 ris,
105 3026 202 3095 quos
215 3026 282 3072 rex
296 3003 436 3072 Olavos
451 3016 540 3093 post
566 3001 712 3072 caedem
734 3000 997 3096 Yrjarskeggii
1089 2998 1094 3011 '

17 3121 253 3190 peromnem
276 3101 611 3175 Thrandheimum
625 3103 836 3190 dimiserat,
874 3102 997 3193 bapti·
1026 3137 1031 3145 ·

17 3218 88 3272 zata
109 3220 184 3293 est,
211 3217 342 3274 tamen
364 3204 435 3294 ibi,
461 3217 506 3273 ut
527 3203 639 3274 aliis
628 3226 670 3272 ιιι
686 3203 796 3292 locis,
822 3202 995 3292 fuerunt,
1021 3251 1022 3258 ι

17 3305 231 3392 quiveram
260 3303 490 3398 religionem
514 3303 698 3396 amplecti
725 3304 992 3374 detrectarent.

15 3399 54 3472 In
71 3405 130 3474 his
150 3404 226 3474 fuit
246 3405 400 3494 Sveinn,
436 3404 545 3492 cujus
571 3427 685 3496 supra
709 3405 856 3474 mentio
863 3395 994 3494 facta,

14 3503 274 3599 filiusqueejtrs
287 3505 428 3577 Sveinn
439 3528 528 3576 cum
545 3503 762 3576 domesticis
779 3505 868 3575 suis.
912 3506 995 3577 Rex

14 3625 94 3675 vero
116 3609 277 3696 Olavus,
314 3628 408 3675 cum
430 3607 600 3696 audiret,
625 3621 777 3698 patrem
793 3604 995 3698 liliumque

14 3707 235 3823 religionem
249 3721 446 3798 acceptare
463 3709 594 3797 nolle,
616 3707 733 3786 misso
750 3707 900 3794 nuntio,
929 3731 993 3777 eos
1100 3738 1104 3748 ·
1121 3794 1126 3801 ι

14 3807 55 3874 ad
71 3831 109 3876 se
125 3807 311 3878 invitavit.
365 3805 518 3924 Quibus
536 3829 626 3878 cum
639 3806 742 3901 regis
756 3807 916 3876 nuntius
932 3833 993 3877 ve·
1019 3889 1032 3912 ,

14 3907 145 3997 nisset,
182 3905 353 3978 Svernn
341 3931 476 3994 Junlor
489 3921 638 4000 patrem
655 3909 828 3977 hortatus
845 3923 920 3997 est
948 3923 993 3984 ut

14 4009 254 4102 religionem,
297 4031 413 4100 quam
438 4009 591 4098 juberet
614 4029 702 4098 reX,
736 4014 990 4100 acceptarent.

14 4107 147 4179 Sveinn
161 4112 285 4181 senior
300 4133 340 4180 se
351 4132 431 4181 non
441 4111 624 4203 cupidum
641 4109 739 4179 dixit
752 4110 915 4180 novandi
933 4133 1006 4206 re

47 4241 72 4290 2.
84 4241 140 4292 vol.
262 4315 267 4320 Ι
634 4301 639 4314 ι
761 4209 793 4280 K
