2640 4682
49 348 146 419 rosc.
379 297 653 402 .’......-·-...··.·.-··...
780 338 783 350 ¹
874 315 961 408 125
1033 327 1097 378 '-

51 551 269 648 religionem
296 550 504 644 abrogetis,
553 548 797 622 christianam
816 569 905 618 vero
927 547 1024 628 reli·
1086 539 1098 552 ’
1132 569 1134 574 ·

51 657 194 749 gionem
224 666 263 721 et
283 675 416 722 veram
437 651 554 722 fidem
577 650 928 741 omnipotentideo
959 649 1024 716 ha·
1047 719 1052 728 ,

50 756 203 826 bendam
218 753 428 845 recipiatis3
464 751 616 844 quodsi
633 751 797 837 facietis,
821 751 1025 840 possessio·
1103 765 1106 784 ·

49 880 107 926 nes
123 869 263 928 vestras
281 856 477 946 avitusque
498 853 636 932 fundos
656 850 870 922 retinebitis
878 902 895 940 ,
922 851 1026 923 insu·
1070 857 1086 895 '
1123 869 1130 882 '

50 980 186 1049 perque
216 970 447 1039 communes¹
468 977 622 1024 mecum
652 952 805 1022 delicias
834 966 872 1020 et
898 951 1024 1040 decus,
1131 989 1139 1016 r

49 1069 270 1149 potestatem
303 1070 341 1124 et
377 1057 575 1145 honorem,
621 1053 772 1146 quando
795 1053 1025 1144 optaveritis,

52 1183 203 1250 quaeque
219 1172 398 1248 praestare
421 1157 520 1225 mihi
539 1155 595 1224 fas
618 1156 683 1244 sit,
724 1154 1025 1244 consequemini.

50 1266 145 1332 Tum
161 1259 354 1352 Eyvindus
370 1257 488 1328 Kelde
510 1257 687 1338 ,omnium
700 1255 1029 1345 nominerrespon·

51 1361 122 1429 det:
149 1373 309 1450 nonest,
325 1357 618 1451 quodpostules,
633 1381 655 1426 o
668 1356 753 1429 rex!
781 1355 885 1447 quod
899 1379 1026 1446 neque

50 1465 248 1530 verborum
265 1460 468 1530 lenociniis
495 1483 633 1550 neque
649 1458 841 1528 minarum
873 1458 1028 1526 terrori-

50 1563 111 1629 bus
132 1574 263 1652 potest
280 1561 499 1651 impetrari,
537 1571 583 1630 ut
604 1559 833 1652 religionem
856 1548 1029 1628 nostram

51 1677 220 1754 artesque
235 1661 368 1729 missas
383 1659 580 1730 faciamus.
634 1664 739 1731 Tum
752 1681 819 1727 rex
835 1659 941 1746 abiit,
967 1681 1029 1727 su·
1113 1712 1116 1731 ,

51 1767 160 1854 osque
178 1762 312 1856 jussit,
344 1785 425 1830 non
438 1781 439 1788 ¹
452 1761 602 1831 minore
627 1759 753 1829 studio
782 1781 936 1828 merum
952 1759 1031 1828 illis

51 1887 246 1954 apponere.
273 1867 356 1934 an
378 1885 466 1931 vero
485 1861 706 1931 multitudo
730 1874 928 1950 tantopere
949 1861 1031 1929 ine-

51 1965 164 2033 briata·
188 1977 269 2052 est,
311 1976 374 2052 ut,
409 1963 478 2032 ubi
504 1961 666 2054 quisque
693 1959 935 2051 consederat,
973 1960 1032 2028 ibi

52 2087 181 2140 somno
205 2064 367 2133 obrutus
396 2062 567 2149 jacuerit.
612 2068 779 2153 Vespere
801 2085 868 2130 rex
895 2061 1030 2155 ignem

53 2165 239 2234 coenaculo
254 2163 390 2250 subjici
403 2165 532 2252 jussit3
562 2163 707 2241 ethnici
723 2185 811 2231 vero
827 2187 907 2242 non
922 2164 1030 2253 prius

52 2280 131 2334 sunt
150 2265 426 2357 expergefacti,
461 2288 577 2356 quam
594 2263 759 2332 flammis
779 2263 869 2331 tacti
886 2263 1030 2346 essent'3

52 2367 287 2436 coenaculum
305 2381 343 2434 et
359 2367 424 2456 qui
433 2361 536 2434 intus
555 2377 661 2434 erant
685 2386 835 2452 omnes,
861 2363 951 2458 igne
966 2365 1031 2431 ab·

53 2467 162 2534 sumti
173 2481 277 2553 sunt,
304 2480 461 2557 excepto
477 2465 648 2559 Eyvindo
666 2463 818 2558 Kelda,
832 2467 916 2555 qui,
951 2479 1031 2533 arte

52 2569 192 2660 magica
209 2581 248 2634 et
264 2567 301 2634 vi
321 2567 481 2654 diaboli,
508 2589 577 2657 per
590 2565 799 2635 fenestram
817 2557 851 2656 i)
869 2569 1030 2658 elapsus,

52 2667 219 2760 aufugit,
255 2682 293 2734 et
307 2668 433 2758 primo
449 2685 565 2756 quam
583 2667 883 2756 maximecavit,
918 2690 967 2736 ne
991 2667 1034 2734 in
1132 2674 1141 2687 ‘

53 2791 191 2835 manus·
209 2768 321 2836 Olavi.
335 2767 436 2860 'regis
461 2768 668 2853 inciderem
696 2781 787 2836 cum
803 2791 893 2837 vero
909 2761 1035 2861 longi·
1152 2849 1155 2856 Ι

52 2891 91 2934 us
104 2869 362 2959 processisset,
382 2867 442 2938 die
451 2869 618 2958 quodam
626 2867 1034 2938 obvioslrabuithomi·
1098 2905 1103 2913 ·

52 2991 112 3035 nes
133 2969 303 3058 aliquoS,
322 2991 425 3038 -cnm
442 2967 579 3058 quibus
601 2969 813 3038 collocutus
827 2966 1034 3062 Eyvindus,

54 3070 242 3158 quaesivit,
277 3091 352 3160 quo
379 3067 731 3160 proficiscerentur3
765 3056 824 3138 illi
845 3090 884 3137 se
898 3089 1035 3162 regem

54 3170 213 3238 Olavum
235 3169 404 3239 adituros
425 3169 674 3238 affirmabant.
717 3170 803 3241 uHic
820 3171 1034 3264 Eyvindus:

55 3266 299 3338 commodum
314 3267 464 3359 accidit,
485 3269 634 3362 inquit,
660 3286 813 3364 rogatos
829 3295 893 3344 vos
906 3270 1035 3359 velim,

53 3384 93 3435 ut
106 3367 286 3467 mandata
307 3394 393 3442 mea
411 3371 457 3440 ad
473 3391 606 3462 regem
623 3371 841 3464 perferatis,
876 3372 935 3440 his
955 3393 1038 3439 ver·

55 3468 123 3538 bis:
167 3471 383 3564 Eyvindnm
408 3469 567 3542 Keldam
594 3496 640 3542 ex
662 3473 839 3542 incendio
865 3473 1036 3561 evasisse,

55 3571 205 3662 verique
226 3572 387 3642 similius
407 3595 504 3660 esse,
532 3597 622 3642 eum
643 3575 801 3665 posthac
820 3575 860 3642 in
875 3586 1039 3664 potesta·

55 3681 128 3738 tem
148 3673 368 3764 regisOlavi
384 3697 464 3742 non
474 3687 700 3760 venturrtm3
728 3675 893 3744 eundem
904 3676 1042 3744 eodem

57 3791 95 3836 ac
112 3787 224 3840 antea
240 3788 374 3843 tenore
390 3775 672 3844 incantationes
688 3799 773 3844 suas
793 3790 831 3843 et
848 3789 948 3844 artes
961 3799 1041 3844 ma-

57 3871 152 3959 gicas
186 3875 468 3960 exerciturum,
507 3875 582 3943 nisi
609 3877 640 3944 si
666 3877 750 3966 quis
774 3877 834 3946 his
858 3878 1040 3944 cumulus

57 3972 229 4042 accedere
251 3989 377 4066 queat.
432 3973 583 4070 Quibus
612 3976 722 4048 dictis
747 3977 941 4072 Eyvindus
967 3978 1042 4046 iter

98 4175 127 4244 ¹)
146 4164 367 4253 peevdorhyrsm,
394 4183 426 4246 F.
