2628 4678
353 403 479 497 ass
559 371 599 487 Α
647 384 920 510 ⁶-·......,.--‘„·
1125 387 1263 496 'cu

250 608 251 616 ἵ
294 632 440 722 Byneso
458 627 767 717 dictohabitanti3
785 627 848 697 hic
862 653 1023 702 uxorem
1038 637 1182 729 habuit,
1200 601 1304 732 quae⁸

217 775 220 783 «
260 753 261 756 ’
298 732 480 802 Gudruna
510 731 704 799 nominata
736 743 809 816 est,
844 730 963 806 titiam
990 738 1203 834 Bergthoris
1232 745 1267 811 ab

245 867 246 874 κ
294 831 449 924 Lupdis.
495 830 689 900 ¹Gudruna
708 827 969 924 cognominata
986 844 1118 910 estSol
1133 845 1269 912 Lunds-

214 929 218 934 ’
248 935 256 951 “
293 956 400 1018 rum,
427 929 529 1021 quod
548 945 691 998 ceteras
707 929 865 999 feminas
885 937 1147 1022 pulcritudine
1169 935 1268 1034 x‘supe-

248 1024 272 1120 1‘
295 1033 410 1101 rabat.
465 1031 602 1102 Hauon
619 1031 775 1124 dynasta
803 1031 1037 1106 servdssuos
1060 1042 1108 1108 ad
1126 1045 1269 1114 Ormurn

47 1113 50 1120 ⁵
150 1135 151 1144 ’
243 1123 250 1140 ”
293 1133 476 1224 Lyrgjam
501 1131 623 1218 misit,
662 1145 705 1200 ut
730 1136 891 1202 uxorem
913 1135 1021 1206 Ormi
1036 1142 1267 1237 abducerent.

150 1269 161 1278 -
229 1215 239 1318 ,⁴
295 1234 400 1300 Servi·
415 1232 833 1327 B'ynesumyeuientes,
858 1235 1032 1308 mandata
1051 1243 1180 1314 edunt.
1199 1247 1270 1314 ·Or-

145 1345 148 1354 ¹
236 1401 238 1405 ,
293 1331 967 1438 mus,sehaudjnvitum'dstendens,
995 1359 1116 1432 roget,
1143 1361 1187 1415 ut
1208 1348 1271 1436 pri-

211 1443 214 1456 “
292 1457 406 1506 mum
426 1445 629 1500 coenatum
657 1446 764 1516 eant3
804 1447 893 1501 ante
921 1461 1010 1506 vero
1046 1447 1163 1532 quarn'
1185 1446 1271 1514 servi

295 1534 422 1601 cibum
443 1533 680 1620 sumsissent,
704 1533 818 1601 multi
842 1559 888 1603 ex
902 1557 999 1629 pago
1027 1541 1211 1633 homines,
1232 1549 1270 1616 ab

295 1637 411 1712 Ormo
422 1633 575 1720 evocati,
587 1633 835 1720 advenerunt,
852 1659 926 1726 quo
941 1639 1040 1710 facto
1050 1645 1188 1718 Ormus
1199 1650 1272 1717 nul·

250 1769 256 1782 ·
293 1736 370 1804 iarn
383 1721 733 1823 servispotestatern
743 1737 1169 1817 abducendaeGudrunae
1182 1749 1270 1818 fecit.

296 1833 482 1906 Gudtuna
506 1833 639 1902 servis:
662 1835 744 1929 haec
769 1841 979 1908 meaverba
1003 1843 1170 1936 dynastae
1187 1872 1271 1940 per·

292 1936 404 2022 ferte,
431 1933 575 2024 inquit,
598 1957 662 2002 me
685 1934 733 2010 ‘ad
759 1961 848 2006 eum
873 1961 956 2008 non·
973 1959 1184 2038 venturam,
1209 1949 1272 2020 nisi

294 2037 465 2126 Thuram
493 2035 539 2102 de
563 2035 716 2106 Rimule
743 2037 789 2104 ad
820 2061 882 2106 me
906 2047 1169 2120 arcessendam
1193 2053 1270 2144 mit-

262 2129 265 2136 ’
292 2129 367 2214 tat3
395 2150 473 2207 eret
502 2121 631 2202 aitterri
657 2135 784 2206 Thera
809 2135 980 2210 ¹matrona
1004 2161 1140 2234 potens
1156 2167 1192 2220 et
1203 2169 1271 2220 una

295 2261 340 2304 ex
365 2235 534 2328 dynastae
562 2237 763 2328 amicabus
783 2241 923 2318 ,Servi
947 2247 1054 2314 valde
1077 2249 1164 2319 irati
1180 2252 1272 2323 abie-

292 2332 403 2422 runt,
441 2337 546 2425 ⁴patri
589 2340 774 2408 etmatri
799 2329 955 2433 familiae
980 2349 1108 2437 gravia
1134 2353 1271 2439 minati,

218 2424 234 2494 j
294 2439 479 2523 dicentes,
503 2437 770 2527 poenitentiam
784 2438 873 2508 facti
890 2445 993 2514 brevi
1007 2440 1270 2538 successuram,

268 2533 409 2626 'seque
429 2539 490 2618 ita
509 2537 585 2606 alio
609 2551 783 2638 tempore
820 2541 1028 2635 adfuturos,
1055 2551 1099 2618 ut
1124 2551 1270 2643 utrique

160 2679 164 2688 .
211 2721 217 2726 „
292 2637 530 2722 tutissimum
551 2637 678 2731 forent
693 2641 932 2732 arbitraturi,
956 2651 1144 2738 voluntati
1166 2655 1270 2747 dyna-

278 2754 357 2808 -stae
378 2739 546 2830 obsequi.
563 2748 566 2756 ’
593 2742 647 2807 lte
665 2741 824 2835 digressi
834 2759 934 2815 sunt.
987 2751 1124 2838 Ormps
1140 2772 1270 2824 sectam

148 2857 152 2867 ’
225 2825 229 2831 ’
292 2827 488 2932 sagittam,
524 2837 836 2931 bellinuntiarn,
869 2847 1270 2944 Sker'dingstedjamad

197 3011 202 3029 ,
291 2939 501 3021 Heldorem
524 2941 638 3029 misit,
666 2937 781 3036 quani
805 2945 982 3039 deinceps
1000 2953 1270 3048 Haldorperf·

291 3020 446 3108 rendam
484 3041 645 3134 curavit:
685 3045 738 3112 sic
764 3046 845 3135 ipse
878 3071 920 3115 ac
959 3052 1097 3145 Ormus
1132 3058 1269 3151 sagitte

290 3140 471 3208 nuntium
497 3141 537 3206 in
558 3155 728 3237 quatuor⁴
740 3162 865 3234 partes
892 3169 1115 3244 perpagum
1130 3156 1270 3226 dimise·

277 3256 391 3328 ¹runt,
414 3240 549 3314 nuntio
573 3243 802 3336 adjicienteS,
825 3261 869 3316 ut
885 3253 1121 3340 omnesviri,
1145 3258 1213 3348 qui
1225 3280 1267 3324 ar·

190 3381 196 3391 ,
239 3346 245 3362 '
290 3363 354 3408 ma
379 3339 480 3408 ferre
504 3358 680 3432 possent,
727 3348 929 3419 Hakonem
967 3351 1267 3444 dynastamcum

243 3521 250 3533 ι
270 3441 410 3520 armis
431 3441 730 3534 aggrederentur
743 3469 912 3538 eumque
926 3443 1199 3534 inter'fice'rent'.
1222 3453 1268 3528 Ad

290 3542 435 3632 sagittae
461 3543 643 3610 nuntium
668 3546 875 3616 multitudo
901 3555 1034 3642 populi
1055 3556 1266 3642 insurrexit,

74 3667 78 3674 ,
164 3662 181 3682 ν’
290 3661 373 3728 quae
398 3665 533 3711 manus
557 3645 678 3720 omnis
692 3648 917 3719 Medalhusa
931 3675 1051 3744 usque
1065 3657 1266 3728 contendit

120 3729 129 3790 '.
218 3767 241 3789 ·-
288 3741 424 3812 Hakon
447 3743 620 3834 dynasta,
643 3750 815 3817 tumultu
836 3760 905 3840 pe'r
920 3739 1179 3844 speculatores
1191 3778 1267 3851 pog-

243 3865 248 3870 ·
289 3833 389 3928 nito,
416 3863 503 3910 curn
529 3843 704 3916 omnibus
719 3851 795 3918 suis
810 3873 830 3918 a
845 3843 935 3942 tilla
950 3845 1147 3928 in'vallem
1163 3881 1267 3950 quan·

289 3934 376 4010 darn
394 3976 396 3981 ·
413 3939 658 4034 profundam,
699 3951 834 4020 exinde
873 3953 1104 4049 Jarlsdelum
1124 3962 1266 4042 (vallem

289 4042 469 4132 dynastae)
486 4044 636 4134 dictam,
664 4052 828 4138 secessit,
851 4053 985 4146 ibique
1000 4057 1165 4130 delituit.
1192 4063 1266 4132 Post

202 4143 212 4152 ”
290 4140 423 4244 eadem
451 4141 512 4214 die
540 4145 695 4237 dynasta
721 4147 847 4220 emnia
870 4153 916 4224 de
940 4159 1112 4228 exercitu
1133 4163 1263 4230 rustico

262 4233 513 4334 'speculatus
540 4261 614 4338 est:
653 4253 814 4323 rusticos
853 4257 980 4327 omnia
1004 4258 1142 4332 itinera
1170 4279 1264 4332 occu

316 4343 356 4385 u
505 4385 506 4390 ,
550 4379 573 4386 ..
867 4365 869 4372 -
998 4363 1002 4374 ·
1066 4385 1072 4398 ,
1106 4395 1109 4400 .
