2626 4678
353 307 446 454 ιιι
550 370 587 476 ᾗ
641 367 915 440 ᾖ
1081 363 1270 436 cantu..

290 597 474 666 lueretur.
527 583 664 656 Postea
688 605 756 652 rex
769 581 941 652 msulam
952 579 1103 668 Se'ljam
1117 570 1303 670 accessit,

256 719 260 729 ·
294 705 334 762 et
348 689 406 762 ibi
423 687 539 756 funus
555 685 699 776 reperit
717 693 852 750 sanctae
865 683 1061 773 Sunnevae,
1084 709 1269 798 sacrasque

294 785 529 888 reliquias
504 789 625 855 beatao
653 772 839 870 cohortis,
881 804 966 873 quae
993 769 1182 856 comitata
1199 807 1303 912 eam,

292 887 437 979 fuerat,
471 894 517 955 ut
537 899 626 956 ante
641 881 827 976 scriptum
845 896 910 951 est.
975 883 1128 958 Deinde
1152 909 1218 958 rex
1239 873 1303 953 inl

196 1015 199 1022 ’
293 941 572 1066 Nordrrlaeriam
591 983 679 1058 cum'
693 981 770 1052 suis
786 982 895 1073 profe
898 995 994 1076 ctus,
1017 985 1119 1060 hanc
1133 986 1303 1080 provin

293 1093 396 1164 ciam
416 1085 664 1159 christianam
677 1082 886 1153 reddidit.

460 1193 547 1262 Rex
565 1191 614 1258 Ol
615 1184 714 1258 avus
729 1187 917 1255 Raudum
937 1188 1130 1260 convenit

259 1343 264 1352 .
345 1295 435 1384 Gap.
456 1300 528 1362 150.
557 1289 630 1360 His
655 1281 863 1378 peractis,
877 1308 945 1354 rex
968 1289 1111 1359 Olavus
1132 1313 1203 1383 per
1226 1287 1275 1356 in·

292 1391 431 1467 teriora
445 1391 586 1462 Hladas
601 1387 806 1484 navigavit,
822 1386 958 1458 fanum
972 1388 1128 1478 destrui,
1151 1405 1192 1460 et
1208 1413 1303 1458 onr-

208 1570 210 1576 ,
292 1516 397 1590 nem,
414 1515 498 1585 quae
514 1487 569 1560 ibi
584 1501 665 1558 erat
667 1488 901 1601 ,pecuniam
917 1504 1177 1585 ornatumque
1202 1491 1275 1559 deo-

211 1599 215 1607 “
292 1621 382 1669 rum
400 1587 568 1664 auferri
556 1589 681 1680 qussit3
696 1585 898 1682 ingentem
909 1588 1099 1660 annulum
1115 1615 1303 1678 aureum,

271 1687 412 1813 'quem
429 1693 566 1765 Hakon
581 1690 740 1784 dynasta
756 1683 977 1760 iaciendum
996 1710 1217 1784 curaverat,
1238 1713 1275 1760 ex
1296 1686 1303 1756 ἱ

292 1799 406 1887 janua
427 1794 508 1896 iani
534 1792 695 1879 demsit,
737 1812 860 1880 eoque
890 1789 1026 1883 facto,
1028 1805 1110 1864 tam
1135 1792 1273 1880 fanum,
1302 1851 1303 1854 ,

293 1923 411 1990 quam
427 1887 528 1988 ipsos
546 1893 647 1982 deos,
660 1889 861 1960 comburi
850 1891 969 1977 lussit.
1025 1895 1110 1990 Quo
1122 1897 1275 1990 cognito,

91 1969 97 1996 ι
141 2041 145 2050 ·
216 2063 230 2082 ,
270 1996 442 2086 coloni,
467 1995 663 2085 missaper
687 2012 827 2060 omnes
850 1992 1047 2084 proximas
1071 1995 1303 2164 provinciasx

291 2099 387 2170 belli
403 2091 561 2190 sagitta,
583 2091 710 2210 copias
728 2091 906 2182 evocant,
931 2112 1061 2188 regem
1074 2098 1117 2166 jn
1119 2097 1274 2187 festoag.
1302 2123 1303 2160 3

292 2199 400 2270 mine
427 2189 653 2290 aggressuri.
706 2193 790 2266 Rex
815 2193 955 2262 Olavus
978 2197 1106 2287 copias
1133 2219 1216 2266 suas
1237 2217 1274 2263 ex
1302 2223 1303 2262 1

152 2287 166 2300 κ
199 2293 209 2376 J
293 2301 384 2370 sinu
403 2295 557 2384 eduxit,
582 2315 736 2366 cursum
755 2298 1070 2392 septemtrionem
1086 2299 1214 2368 versus
1229 2319 1274 2364 se

295 2399 467 2471 cundum
499 2345 630 2467 littora
662 2395 816 2482 direxit,
853 2394 1061 2488 Halogiam
1081 2399 1273 2488 petiturus,

292 2497 425 2590 ibique
452 2497 683 2590 religionem
710 2445 838 2565 chrisl'
811 2511 954 2565 uanam
976 2496 1274 2604 introducturus,

218 2593 224 2604 “
293 2599 583 2674 Naumudalum
596 2593 757 2665 boream
778 2618 907 2665 versus
932 2614 1217 2687 praetervectus,
1239 2599 1273 2666 in

294 2687 512 2792 Rauds'eyas
530 2695 708 2785 trajicere
724 2695 910 2792 'cogitavit
963 2699 1050 2768 Hoc
1066 2721 1179 2770 mane
1187 2699 1274 2771 Rau
1301 2743 1302 2766 ι

211 2855 215 2859 -
266 2797 384 2888 dus,
410 2809 456 2868 ut
470 2813 736 2878 consueverat,
757 2789 892 2865 lanum
907 2819 1021 2869 suum
1031 2797 1149 2885 adiit,
1181 2799 1273 2873 Thor
1301 2857 1302 2866 ,

297 2915 379 2972 erat
395 2896 588 2970 moestiore
611 2899 741 2985 vultu,
778 2918 906 2987 neque
921 2893 1056 2970 Raudo
1074 2896 1273 2971 consulenti
1301 2925 1302 2964 ι

229 3013 235 3074 .'
294 3003 375 3072 ulla
399 2999 504 3071 dedit
521 3021 716 3091 responsa3
745 2998 912 3090 Raudus,
927 3021 1010 3068 rem
1025 3001 1199 3092 miratus,
1222 3022 1273 3068 va·
1301 3019 1302 3064 1

295 3103 361 3173 riis
386 3101 509 3171 m'odis
532 3119 713 3190 responsa
738 3121 786 3165 ex
814 3121 859 3166 eo
884 3099 1025 3169 elicere
1044 3102 1212 3190 studuit,
1243 3113 1302 3168 et
1301 3145 1302 3198 ,

177 3230 184 3239 ·
244 3281 257 3304 .
296 3202 447 3296 quidm
464 3223 577 3272 causa
587 3212 709 3282 .,esset
736 3193 919 3315 quaesiuit.
983 3199 1161 3274 Tandem
1182 3201 1273 3277 Thor

214 3297 219 3306 ’
297 3297 569 3394 respondebat,
592 3315 631 3370 et
647 3249 804 3392 quidem
827 3295 963 3390 majori
984 3323 1079 3372 cum
1105 3303 1273 3373 sollicitu

299 3399 406 3490 dine,
442 3403 524 3471 sine
550 3419 661 3470 causa
685 3399 1202 3514 uonfieri.prem1ten1m
1220 3423 1274 3470 me

227 3503 259 3576 -’.
297 3502 482 3572 adventus
501 3503 663 3590 horum,
689 3493 757 3592 qiu
745 3493 879 3570 ‘'huc
867 3525 910 3571 m
924 3499 1091 3575 insulam
1114 3505 1301 3595 trajicere

287 3590 479 3695 cogitaui,
504 3593 965 3693 hominum,m1h1quam
989 3605 1156 3676 maxime
1184 3604 1272 3675 odio·

296 3723 438 3772 sorum.
478 3696 652 3777 naudus
675 3699 938 3794 interrogavit,
970 3703 1131 3798 quinam
1154 3715 1301 3776 essent

240 3867 242 3872 ,
298 3799 517 3899 Thordicit,
542 3827 673 3902 regem
691 3825 772 3871 esse
788 3801 951 3878 Olavum
952 3805 1149 3904 Tryggvii
1164 3805 1301 3875 filium

206 3932 214 3942 ’
299 3905 525 3999 cumcopiis
550 3901 787 3976 naudus'ait:
814 3887 1301 3982 tuadversumillosbarba

296 4016 366 4069 tua
381 4007 578 4093 persona1,
601 4023 677 4098 quo
698 4002 820 4073 acrius
835 4028 888 4076 ers
896 4007 1073 4080 res1stere
1090 4026 1301 4105 queamus
1300 3997 1301 4050 l

299 4100 406 4173 Thor
418 4101 492 4174 hoc
503 4121 641 4194 parum
656 4094 904 4218 profuturum
920 4101 1034 4218 dixit3
1059 4106 1205 4182 exibant
1226 4119 1269 4174 ra·

301 4207 442 4220 βψω-μυω-
460 4211 569 4221 -ι--ι-ο·

342 4229 371 4297 ¹)
390 4229 432 4285 irc
447 4227 537 4286 barte
554 4233 658 4288 ιιιιῙιοι
675 4233 840 4303 horrescere,
860 4237 889 4288 F
