2680 4678
52 361 193 464 2520.
448 365 714 396 -·-··
914 343 1004 466 {317
1114 375 1117 384 Α

54 568 163 639 Rex
184 564 352 636 Olarus
341 591 383 636 ιιι
406 565 639 638 anteriorem
658 589 794 640 navem
818 568 1069 662 prospiciens,

56 668 465 780 animadvertitmoS,
485 690 509 763 g
510 669 630 738 ladios
644 671 774 741 crebro
786 674 941 761 tollere,
967 671 1066 739 ictus

57 768 217 858 saepius
241 772 401 853 iterare,
435 769 476 840 id
502 791 656 862 quoque
675 772 959 860 animadvertit,
988 773 1067 864 gla-

59 869 157 944 dios
178 891 259 940 esse
275 862 375 940 male
390 885 541 956 acut0s3
567 894 684 962 quare
704 875 778 942 alta
796 895 890 942 voce
905 873 1066 944 interro

59 969 200 1064 gavit:
230 994 296 1040 cur
319 971 463 1067 gladios
484 971 578 1040 adeo
599 973 765 1066 segniter
781 963 943 1064 libratis,
971 995 1066 1064 quos

60 1073 180 1142 male
198 1086 328 1141 acutos
347 1093 425 1142 esse
442 1071 602 1142 videam.
663 1073 872 1162 Respondit
887 1069 1069 1242 quidam

63 1171 200 1265 gladii
213 1171 352 1260 nostri,
368 1171 540 1241 domine!
566 1187 604 1240 et
613 1171 771 1242 hebetes
787 1188 826 1241 et
837 1175 916 1242 ma
919 1197 939 1241 e
955 1173 1067 1263 fracti
1110 1191 1112 1196 ·

63 1285 180 1340 sunt.
242 1277 345 1348 Tum
366 1264 433 1342 dex
455 1296 501 1341 ex
530 1275 627 1343 celsa
649 1293 779 1364 puppe
805 1273 1034 1342 descendit
1017 1295 1066 1342 ιιι

62 1374 383 1444 interscalmium
400 1375 561 1464 primas,
589 1397 713 1442 arcam
732 1375 1065 1444 armamentariam

65 1475 249 1565 aperuit,
289 1486 328 1540 et
349 1475 536 1589 plurimos
557 1475 702 1567 gladios
719 1475 881 1566 promsit
900 1473 1067 1567 fulgidos
1085 1465 1088 1472 ¹

68 1591 117 1644 et
130 1575 242 1643 valde
261 1588 408 1665 acutos,
435 1576 589 1677 suisque
610 1571 821 1678 distribuit5
856 1577 951 1650 cuni
975 1596 1067 1644 veru

70 1675 254 1746 dextram
268 1697 430 1744 manum
449 1669 693 1765 demittebat,
708 1669 900 1746 viderunt
914 1676 1065 1768 sangvi-
1105 1719 1109 1727 s

68 1799 172 1848 nem
195 1799 241 1850 ex
257 1777 405 1870 manica
426 1778 553 1847 loricae
586 1777 770 1865 defluere,
806 1763 960 1844 nemine
988 1797 1063 1866 quo

68 1880 165 1946 loco
180 1873 327 1970 saucius
345 1893 441 1946 esset
451 1879 604 1946 serente
658 1877 926 1951 strenuissima
936 1875 1063 1944 defen

70 1977 156 2090 sio,
183 1977 426 2099 maximaque
443 1977 561 2050 caedes
575 1978 678 2047 lacta
689 1992 744 2056 est
760 1980 805 2046 ab
815 1974 1064 2069 rqterscalmn
1170 2035 1176 2044 .

70 2078 253 2176 primatis
271 2082 471 2190 p'roraeque
486 2079 852 2194 propugnatoribus,
879 2079 944 2146 ubi
961 2093 1064 2145 etse·

71 2177 172 2250 lecti
195 2177 360 2262 maxime
380 2173 579 2248 stabant
547 2181 617 2249 viri
638 2195 675 2248 et
695 2183 814 2248 latera
831 2179 935 2247 navis
954 2191 1064 2264 erant

74 2281 322 2348 celsissima.
353 2278 451 2350 Cum
468 2295 596 2349 autem
611 2281 758 2350 coedes
747 2305 789 2348 ιιι
807 2281 989 2370 Serpente
1003 2277 1065 2348 edi

75 2395 203 2472 coepta
220 2393 339 2468 esset,
367 2381 492 2473 primo
506 2403 609 2474 per
592 2381 759 2451 mediam
771 2403 906 2449 navem
921 2369 1063 2448 milites

78 2481 275 2565 cecidere,
313 2482 534 2551 vulneribus
551 2496 588 2550 et
604 2465 758 2572 quidem
777 2478 943 2568 maxime
962 2480 1065 2549 lassi

75 2580 214 2652 tudine
231 2582 413 2668 conlecti,
439 2581 618 2672 famaque
632 2580 832 2670 ferebat,
805 2603 836 2648 ει
850 2580 996 2649 strenui
1006 2577 1065 2648 illi
1097 2657 1100 2661 Α

76 2681 221 2753 milites
236 2681 497 2759 defensionem
512 2683 668 2755 omnino
686 2677 900 2772 potuissent
912 2681 1064 2749 adhibe·
1153 2688 1156 2698 ¹

69 2805 153 2897 re,
168 2781 354 2854 futurum
365 2783 502 2872 fuisse,
528 2797 574 2850 ut
593 2777 754 2876 Serpens
771 2804 853 2851 sero
871 2783 916 2851 ab
935 2781 1064 2850 adver-

80 2883 189 2952 sariis
219 2887 457 2981 expugnatus
482 2896 589 2952 esset.
655 2887 740 2998 Qua
765 2881 811 2980 de
831 2906 874 2952 re
889 2883 941 2952 sic
957 2883 1065 2956 Hall·
1082 2914 1084 2918 ’

81 2983 229 3063 fredus.

181 3086 297 3158 Haud
312 3077 422 3156 facile
437 3087 482 3155 ab
493 3087 604 3154 hoste
623 3065 811 3154 desastilta
826 3081 983 3151 fuisset
1048 3090 1053 3097 ’
1129 3139 1133 3152 .

144 3187 296 3280 longa
311 3187 380 3256 illa
395 3186 521 3274 navis,
550 3206 681 3279 regem
695 3193 895 3276 potentem
978 3244 994 3266 „

181 3287 329 3376 ferens,
351 3289 413 3379 (in
430 3287 588 3370 calidam
604 3286 820 3380 marginem
900 3323 902 3328 ·
980 3359 981 3366 5

103 3385 106 3392 ’
182 3387 286 3456 navis
302 3389 475 3479 delapsus
490 3403 545 3456 est
557 3387 697 3478 cruor),
902 3396 906 3404 '

185 3488 277 3558 dum
297 3489 388 3558 clari
403 3487 586 3580 principis
603 3487 785 3558 satellites
821 3576 825 3582 1

161 3693 204 3730 mo
219 3676 423 3747 praesogiebam)
434 3676 564 3744 reditum,
580 3677 630 3732 ubi
642 3657 692 3730 vel
697 3673 891 3741 'sribjiciendum
905 3691 987 3745 regna
994 3708 1003 3738 ,
1023 3670 1070 3723 vel
1149 3667 1150 3674 ’

163 3765 303 3834 legendum
325 3768 481 3840 aptrlvorf,
512 3786 566 3820 sec.
589 3747 701 3818 duorum
720 3765 808 3824 codd
818 3767 880 3818 lect.
895 3780 952 3818 ιιιι.
993 3761 1069 3815 Alter

49 3849 55 3860 ’
161 3858 235 3909 locus
259 3859 375 3910 eotHist.
392 3853 511 3910 Helonis
523 3857 706 3910 Grandaevic.
725 3860 776 3910 117
797 3857 870 3909 aller
882 3853 977 3926 pjtoir
991 3847 1069 3937 liduit
1166 3872 1169 3878 ¹

135 3961 138 3970 ⁴
161 3945 275 4019 lonungs
291 3946 375 4013 niti,
391 3967 481 4001 omnes
493 3951 590 4020 populi
608 3948 834 4002 extimescebant'
824 3966 891 4000 nem
905 3948 989 4014 regim
1007 3931 1069 3995 uam

162 4039 287 4105 eidvandr
303 4039 378 4090 nullo
394 4040 473 4092 modo
488 4042 540 4092 huc
554 4045 674 4111 pertinet.
710 4035 981 4116 Horliesolummodq
1000 4045 1069 4086 extat
1105 4050 1108 4072 τ

159 4129 271 4184 venum
287 4131 394 4200 impers.
415 4131 475 4183 mik*
488 4134 535 4184 ὀαι
541 4131 633 4204 syrti,
651 4129 856 4197 ,timidus‘funu
867 4130 990 4201 proesagit
1003 4125 1071 4176 mihi

117 4242 119 4250 ·
162 4239 272 4280 unimus.
316 4235 320 4246 “
