2646 4678
344 287 437 382 152
621 304 904 374 Ε
1160 307 1201 370 c.
1223 305 1272 372 'ro

287 533 408 612 taque
427 516 597 598 oratione
614 515 661 588 de
691 516 848 610 negotio
879 513 1007 587 divino
1028 518 1277 610 exposuisset,

289 643 358 700 rex
374 617 561 693 Haraldus
585 617 638 689 sic
660 617 892 707 responden
916 617 1059 715 invitus
1080 621 1204 708 facio,
1238 635 1278 689 ut
1305 643 1306 702 y

208 751 209 754 ¹
290 718 467 814 religioni
477 719 719 807 renuntiem,
751 741 867 808 quam
889 739 959 808 per
979 732 1103 789 totam
1128 736 1279 789 aetatem
1305 751 1306 780 ι

290 820 410 892 habui
427 832 465 887 et
481 819 690 907 observavi,
715 833 755 888 et
768 833 855 886 ante
873 842 936 886 me
950 820 1226 916 consanguinei
1243 835 1279 888 et
1305 867 1306 908 3

291 923 455 1010 majores
479 920 574 1006 mei,
600 943 726 1009 neque
746 917 872 988 verbis
894 919 1008 1007 solis,
1035 922 1279 1012 quantumvis
1305 969 1306 1010 ,

293 1017 500 1114 splendidis
518 1033 556 1088 et
567 1020 731 1109 blandis,
749 1018 922 1106 inducor,
934 1033 979 1088 ut
994 1044 1077 1090 eam
1095 1021 1279 1108 deseram,

292 1122 367 1194 nisi
391 1119 590 1190 manifesta
619 1121 734 1190 simul
758 1119 965 1200 ostendatis
994 1121 1120 1213 signa,
1152 1123 1211 1192 ita
1241 1137 1306 1210 ut,

293 1221 426 1316 negari
441 1244 520 1296 non
534 1221 664 1334 possit,
679 1233 846 1290 vestram
864 1220 1090 1314 religionem
1104 1245 1190 1292 esse
1208 1248 1279 1292 me·

294 1325 430 1403 liorem
462 1335 500 1390 et
529 1321 742 1418 veriorem,
788 1343 903 1411 quam
931 1337 1110 1392 nostram.
1183 1329 1306 1396 Tum

295 1410 640 1538 episcopus,Poppo
664 1420 846 1492 laminam
866 1419 1029 1507 ferream
1058 1424 1306 1494 candentem

296 1520 468 1604 dextrae
457 1545 606 1614 tmpom
595 1519 728 1612 fecit,
752 1543 913 1636 eamque
934 1523 977 1592 in
1000 1525 1180 1597 omnium
1199 1548 1306 1598 con

295 1639 432 1716 spectu
447 1646 584 1694 novem
600 1623 714 1715 pedes
723 1637 896 1718 gestavit,
918 1645 994 1716 quo
1002 1624 1114 1713 facto,
1125 1648 1281 1714 manum
1305 1679 1306 1718 3

186 1789 194 1802 .
294 1726 531 1798 incommem
558 1724 641 1819 regi
664 1723 829 1798 Haraldo
861 1724 1053 1809 ostendit,
1073 1750 1178 1822 -quso
1194 1725 1278 1794 'viso
1305 1811 1306 1814 Ἴ

296 1826 455 1910 miratus
470 1849 538 1894 rex
554 1824 758 1914 Haraldus,
781 1823 1010 1920 religionem
1028 1829 1231 1917 amplexus
1247 1837 1280 1892 et

243 1935 248 1963 ¹
298 1949 388 1996 cum
404 1926 581 2012 omnibus
597 1925 674 2004 suis
704 1924 822 2019 copiis
845 1925 1056 2014 baptizatus
1084 1940 1154 2000 est.
1206 1929 1306 2019 Rex,

296 2025 503 2114 HaralduS,
530 2027 688 2098 cumin
709 2031 885 2119 Marseya
915 2027 1153 2116 considebat,
1178 2039 1278 2096 ante
1305 2103 1306 2106 Ἴ

240 2131 244 2136 ’
298 2124 940 2222 quamimperatoremconveniret,
959 2128 1306 2241 Hakonidynastae

298 2227 482 2312 nuntium
499 2228 689 2316 miserat,
681 2241 726 2294 ut
741 2227 812 2296 sibi
828 2178 968 2298 anxilio
981 2228 1147 2328 yeniret.
1200 2230 1279 2298 Per-

299 2342 456 2398 venerat
469 2342 554 2398 turn
569 2327 787 2399 ininsulam
807 2301 989 2440 dynasta,
1014 2318 1176 2443 'quando
1196 2329 1306 2414 bap·

299 2429 435 2498 tizatus
450 2441 531 2498 erat
553 2451 641 2510 rex3
666 2450 745 2518 rex,
772 2427 896 2500 missis
913 2429 1067 2517 nuntiis,
1086 2429 1217 2518 jussit,
1241 2437 1306 2504 ut

302 2529 403 2624 adse
420 2526 586 2612 veniret3
603 2540 649 2598 ut
664 2550 752 2596 vero
774 2545 1045 2641 convenerunt,
1071 2552 1142 2600 rex
1155 2530 1279 2625 dynas-

301 2617 400 2718 tam,
441 2643 487 2702 ut
514 2651 554 2698 se
576 2626 761 2722 baptizari
794 2627 955 2716 sineret,
985 2629 1134 2724 coe‘git;
1172 2649 1278 2725 quare

301 2729 439 2806 Hakon
460 2729 620 2824 dynasta
645 2751 734 2798 curn
762 2726 957 2816 omnibus,
992 2730 1060 2820 qui
1086 2736 1180 2802 eum
1203 2745 1278 2798 tum

304 2830 579 2924 sequebantur,
612 2828 823 2920 baptizatus
842 2841 911 2906 est.
966 2831 1051 2924 'Quo
1076 2830 1194 2918 lacto,
1220 2845 1278 2895 rex

305 2932 343 3001 ei
353 2927 569 3002 sacerdotes
585 2928 755 3024 aliosque
772 2929 902 3000 doctos
918 2929 1018 3000 viros
1031 2930 1199 3018 tradidit,
1211 2959 1214 2966 ·
1225 2925 1277 2996 ad·

305 3028 394 3102 ditis
408 3030 614 3120 mandatis,
637 3046 683 3100 ut
708 3053 864 3101 omnem
880 3030 1076 3128 Norveglae
1099 3033 1279 3122 populum

303 3129 576 3226 baptnaudum
587 3144 755 3213 curaret
779 3152 855 3220 quo
873 3129 984 3217 facto,
1003 3153 1092 3202 cum
1104 3129 1278 3204 discessis·

304 3243 407 3316 sent,
433 3228 588 3326 dynasta
601 3230 818 3304 Halsumiu
837 3229 1067 3318 Limafjordo
1092 3253 1134 3300 se
1157 3233 1306 3318 contu-1

245 3337 251 3348 '
304 3332 364 3419 lit,
380 3329 510 3422 ibique
526 3330 735 3407 secundum
750 3341 908 3398 ventum
926 3333 1169 3422 exspectavit
1222 3333 1277 3400 Fe-

304 3443 417 3516 runt,
447 3431 631 3500 Ottonem
659 3430 933 3518 imperatorem
959 3431 1133 3500 officium
1165 3428 1278 3504 lustri-

307 3553 398 3600 cum
414 3529 632 3626 praestitisse
646 3529 789 3614 sveni,
813 3529 894 3600 filio
909 3533 1010 3623 regis
1026 3533 1202 3646 llaraldi,
1235 3527 1277 3595 ei·
1305 3539 1306 3632 y

271 3663 274 3670 ⁴
308 3653 385 3722 que
402 3651 544 3702 nomen
553 3651 669 3700 suum
687 3628 851 3717 dedisse,
878 3652 994 3720 quare
1008 3632 1061 3700 sic
1074 3633 1306 3744 baptizatus

310 3745 389 3818 est,
424 3744 470 3801 ut
491 3732 580 3802 Otto
596 3728 711 3802 Svein
727 3730 944 3800 nominatus
959 3731 1018 3802 sit
1069 3719 1306 3843 Imperator,}

310 3829 512 3902 consilium
527 3830 605 3902 Olii
619 3831 715 3901 bene
736 3830 938 3904 sucessisse
954 3830 1192 3919 existimans,
1219 3833 1276 3897 ite-

310 3954 400 4000 rum
420 3930 668 4023 interrogavit
692 3929 842 4016 otium,
878 3953 954 4021 qua
972 3933 1014 3999 in
1039 3943 1150 4006 terra
1169 3949 1306 4006 natus,

238 4071 252 4084 ν
285 4117 288 4120 Ι
311 4052 464 4122 quaque
481 4027 621 4099 familia
645 4044 748 4098 ortus
774 4045 879 4098 esset
932 4032 1152 4120 Respondet
1168 4031 1306 4106 Olius·

312 4132 379 4222 qui
408 4128 498 4220 sim,
535 4130 639 4198 haud
666 4130 805 4200 diutius
837 4144 895 4219 te,
934 4131 1107 4202 domine!
1140 4134 1275 4208 celabos
1305 4161 1306 4170 κ

802 4405 945 4448 l„
