2634 4682
763 331 770 362 l

13 404 132 481 enc-
168 485 181 505 ,,
382 402 655 533 ¹⁶7¹·-
813 387 942 493 ‚175

13 617 231 694 secundum
258 613 396 704 littora
409 610 610 707 persecuti
632 627 743 702 sunt;
771 631 844 688 rex
865 617 1006 690 Olavus
1033 621 1042 638 *

13 725 89 796 hoo
116 734 305 797 autumno
329 715 474 808 copias*
489 737 575 786 suas
600 715 643 786 in
671 717 1006 794 Thrandheimum

14 823 141 913 duxit,
163 819 447 903 etNidarosiam
457 815 667 908 contendit,
686 841 764 910 quo
781 841 842 890 res
863 819 910 890 ad
925 820 1006 890 hie·

13 919 446 1004 mandumnecessarias
466 917 688 1021 contraxit·R

13 1092 144 1164 Hroll
143 1114 196 1174 ou
195 1110 324 1186 gur,
343 1087 459 1181 filius
491 1079 726 1181 'Rdgnealdi
769 1087 1007 1160 Moeriarum

165 1188 167 1199 '
217 1191 417 1286 satropoe,
452 1187 513 1258 Is
496 1187 674 1260 audiam
700 1187 798 1260 adit.
861 1279 864 1290 1

16 1365 36 1383 .·
120 1323 216 1434 Cap.
223 1329 295 1396 214
337 1325 423 1394 Rex
434 1321 624 1394 Haraldus
639 1321 909 1414 pulcncomus,
922 1335 1007 1391 toto
1038 1377 1046 1404 ,

17 1410 221 1518 Norvegiae
235 1445 354 1517 regno
366 1422 523 1515 potitus,
541 1444 630 1494 cum
640 1423 810 1504 convivio
825 1425 872 1494 ab
882 1427 1009 1516 Roga,-

18 1527 127 1596 valdo
144 1523 373 1636 Moeriarum
389 1536 537 1615 satrapa
553 1522 821 1613 adhiberetur,
845 1524 901 1593 ibi
916 1523 986 1593 lav
976 1537 1009 1592 lt

21 1639 56 1694 et
69 1625 233 1740 capillos
245 1623 349 1716 pecti
363 1623 477 1709 lecit,
502 1637 587 1708 tum
601 1624 842 1717 Rognvaldus
860 1637 1018 1716 satrapa.

20 1743 175 1796 comam
192 1726 273 1813 ejus
285 1719 488 1813 totondit,
499 1746 589 1795 cum
605 1739 693 1804 ante
710 1747 801 1816 per
796 1724 929 1794 decem
944 1749 1009 1798 an:

19 1849 85 1896 nos
109 1827 267 1899 intonsa
284 1824 438 1914 fuisset,
466 1846 583 1916 quare
598 1825 787 1898 Haraldus
803 1825 900 1896 Lusa
922 1823 1010 1918 (cri-

21 1951 85 1996 nes
101 1926 299 2020 horridus)
316 1939 373 2005 ast
388 1927 624 2040 appellatum
649 1924 829 2018 deinceps
845 1948 935 1997 vero
954 1949 1011 1995 sa-

23 2041 128 2120 trapa
147 2027 379 2122 cognomine
398 2050 492 2098 eum
503 2025 742 2124 insignivit
718 2029 836 2098 Haral
838 2027 1010 2118 dumque

22 2129 305 2219 pulcricomnm
325 2125 550 2220 appellavit,
586 2127 689 2218 quod
706 2150 850 2199 nomen
866 2150 1010 2218 omnes,
1081 2211 1086 2235 Ι

26 2229 87 2317 qui
107 2227 415 2318 eumvidebant,
440 2227 591 2301 veritati
606 2228 771 2298 maxime
798 2249 1011 2322 congruere
1096 2249 1100 2258 ’

25 2329 240 2403 fatebantur
250 2353 261 2414 3
272 2347 275 2355 ¹
288 2329 445 2399 ornabat
454 2328 559 2398 enim
573 2351 663 2398 eum
675 2351 753 2398 non
766 2330 892 2400 minus
904 2349 1011 2424 mag-

28 2453 90 2518 na,
123 2451 247 2522 quam
268 2429 404 2500 decora
425 2449 543 2499 coma.
605 2431 695 2500 Post
722 2430 917 2521 aliquanto
942 2452 1010 2499 rex

29 2532 234 2619 Haraldus,
277 2529 397 2620 copiis
420 2553 534 2600 mare.
556 2529 792 2600 occidentale
813 2530 1010 2618 traductis,

30 2629 198 2724 ingentia
220 2629 276 2698 ibi
296 2651 414 2723 regna
439 2631 508 2700 sub
523 2630 708 2701 ditionem
723 2653 832 2722 suam
851 2632 1011 2724 redegit,

30 2745 200 2822 utsupra
213 2745 481 2821 memoratum.
514 2759 518 2766 ·
536 2735 635 2802 Ante
649 2754 738 2802 vero
755 2755 871 2824 quam
889 2731 935 2800 ab
951 2753 1014 2800 oc-

33 2830 176 2908 cidente
199 2846 425 2922 reverteret,
458 2831 652 2926 Orkneyas
677 2846 718 2903 et
736 2832 1014 2919 Hjaltlandiam

34 2930 249 3025 Rbgnvaldo
272 2946 450 3024 satrapae,
486 2932 529 3001 in
554 2933 813 3025 expiationem
833 2932 942 3002 caedis
970 2931 1014 3002 fi-

34 3029 73 3099 lii
93 3034 175 3126 1),
183 3031 282 3102 dono
301 3033 415 3104 dedit.
468 3033 670 3126 Sigurdus,
695 3033 813 3104 frater
826 3033 1016 3127 R'ognval·

35 3127 88 3221 di,
121 3133 183 3205 his
211 3133 322 3204 terris
339 3134 695 3229 satrapaedignitate
708 3134 911 3226 praefectus
931 3147 1015 3223 esta

37 3231 271 3328 Rognvaldus
293 3257 384 3306 vero
406 3248 554 3339 satrapa
579 3257 669 3306 cum
683 3235 850 3312 Haraldo
868 3256 960 3329 rege
976 3258 1017 3304 0-

36 3331 195 3406 rientem
209 3356 339 3406 versus
353 3335 395 3408 in
410 3327 642 3430 Norvegiam
659 3333 792 3425 rediit,
819 3334 876 3405 et
865 3358 906 3404 1n
921 3358 1017 3436 prze-

38 3427 178 3506 lectura
193 3459 261 3506 sua
281 3459 321 3506 se
335 3435 534 3524 continuit.
600 3435 698 3514 Cum
721 3459 811 3506 vero
830 3407 1018 3530 Rdgnval-

40 3527 100 3601 dus
116 3551 263 3628 satrapa
280 3537 424 3618 cedem
438 3535 591 3631 Sigurdi
606 3552 785 3630 satrapae,
800 3537 928 3610 fratris
943 3535 1017 3626 sui,
1035 3621 1038 3626 Ι
1137 3522 1150 3530 “

41 3636 251 3726 audivisset,
277 3639 352 3710 Hal
353 3638 485 3708 ladum
496 3637 621 3710 filiurn
634 3639 873 3710 occidentem
888 3657 1021 3708 versus
1129 3703 1133 3708 .

40 3728 77 3802 in
97 3738 292 3832 kaneyas¹
312 3738 437 3824 misit,
464 3739 497 3810 is
513 3761 604 3810 vero
621 3762 705 3809 sese
724 3762 743 3809 e
761 3738 946 3833 dignitate
964 3760 1021 3806 sa-

42 3841 146 3928 trapae
162 3838 384 3914 devolvebat
400 3839 449 3932 ²),
474 3863 550 3932 quo
567 3840 668 3910 facto
686 3841 875 3911 orientem
888 3861 1029 3909 versus.

45 3933 85 4004 ad
106 3953 255 4030 patrem
276 3939 403 4010 rediit.
472 3939 551 4014 Hic
591 3942 833 4038 Rdgnveldus
858 3955 1021 4033 satrapa,

46 4059 304 4145 -κ--μ-..ἑ--ῥ-

49 4157 107 4229 ¹)in
118 4169 265 4224 mercedem
276 4174 434 4239 tonandam,
454 4171 486 4226 F.
497 4173 525 4224 S.
568 4168 760 4245 ¹)exrmplum
773 4171 945 4238 hujusmodo
959 4169 1024 4223 vida

80 4255 205 4314 Hamus.
221 4265 305 4316 vitam
315 4264 379 4316 Har·
393 4266 513 4328 Pulcrlc:
533 4283 592 4336 cap·
601 4265 629 4319 8·
