2646 4678
39 427 74 491 c.
94 424 144 495 46.
405 329 667 463 ·“ϊ···““
898 407 958 502 95
987 496 991 508 .

37 637 130 710 t'atui
147 646 406 718 mercatorum
416 634 652 728 quorundam
668 631 852 726 adjunxit,
877 639 924 710 eb
942 661 1024 710 om·
1081 729 1084 734 Ι

38 743 146 811 nibus
162 741 296 828 rebus,
325 761 409 828 quae
428 739 500 830 ipsi
515 737 795 828 comitibusque
814 741 895 828 ejus
914 753 1023 809 eraut

38 841 264 926 necessariae,
286 839 437 908 abunde
449 841 684 908 instructam.
723 837 922 910 Orientem
941 863 1024 909 ver·

40 967 94 1012 sus
117 941 157 1010 in
184 962 292 1016 mare
327 939 459 1017 deletis
485 929 680 1030 pr'aedones
713 939 923 1030 maritimi,
958 945 1023 1012 Es·
1110 991 1116 1010 ,

40 1045 176 1129 thones,
203 1053 522 1130 supervenerunt,
540 1061 607 1108 res
616 1053 655 1107 et
663 1037 836 1109 homines
852 1041 1022 1132 captivos

43 1145 243 1229 duxerunt,
279 1163 375 1231 quos
390 1139 531 1232 partim
548 1138 845 1228 interfecerunt,
880 1143 1023 1232 partim

45 1242 321 1313 ad'servitutem
344 1242 444 1310 inter
470 1263 509 1311 se
527 1230 746 1310 diviserunt.
807 1243 904 1330 Heio
933 1243 1023 1312 Ola-

48 1369 109 1431 rus,
125 1358 283 1413 amatre
291 1366 359 1412 sua
372 1341 551 1430 divulsus,
568 1362 733 1411 unacum
742 1341 1023 1430 Thorolfofflu-

48 1445 139 1514 uicio
165 1465 254 1531 suo,
275 1428 565 1534 ¹hujusqueiilio
581 1441 795 1532 Thorgilse,
821 1441 862 1512 in
877 1458 1024 1533 posses-

46 1547 174 1613 sionem
188 1544 369 1634 pervenit
383 1544 453 1612 v'iri
472 1540 680 1630 cujusdam,
691 1541 858 1610 momine
866 1545 1023 1614 Klerko-
1095 1626 1100 1635 Ι

47 1647 113 1730 nis,
134 1645 200 1713 cui
217 1667 311 1712 cum
330 1639 535 1716 Thorolfus
553 1641 598 1712 ad
616 1639 814 1711 servitium
837 1643 951 1714 nimis
966 1669 1024 1714 se·

49 1769 126 1834 nex,
147 1745 331 1836 nullique
349 1743 396 1812 ed
411 1766 506 1835 opus
525 1741 742 1810 faciendum
755 1743 859 1832 usui,
876 1744 1023 1816 videre·

54 1860 112 1932 mr,
130 1840 580 1934 interfecitThorolfum,
598 1865 737 1933 pueros
748 1862 878 1912 aurem
890 1865 1023 1916 secum

58 1947 88 2012 in
98 1946 315 2018 Esthoniam
332 1944 503 2031 abduxit,
528 1949 668 2034 eosque
685 1943 777 2031 viro,
804 1943 866 2012 cui
879 1967 1024 2015 nomen

55 2048 215 2135 Kierius,
252 2067 365 2135 capro
387 2045 550 2114 nimium
577 2065 692 2135 quam
713 2044 814 2114 bono
839 2044 1020 2115 vendidit.
1131 2084 1141 2104 .

52 2149 185 2218 Tertius
201 2147 262 2215 vir
274 2145 454 2214 Olavum'
477 2145 592 2236 paulo
609 2157 695 2235 post
703 2144 807 2234 emit,
824 2143 1025 2232 dacobono.
1058 2167 1062 2176 ·

48 2249 321 2336 paludamento,
346 2246 423 2338 sive
437 2245 633 2338 paenu1a23
659 2243 751 2313 huic
779 2245 861 2314 viro
881 2268 1025 2346 nomen

51 2351 230 2435 eratReas,
244 2347 356 2417 uxori
366 2348 446 2436 ejus
457 2345 601 2434 Rekon‚
614 2344 692 2414 filio
704 2343 911 2431 Rekniris’i
931 2365 1023 2416 cum

50 2472 108 2540 quo
128 2449 287 2548 domino
306 2446 446 2517 Olavus
469 2445 535 2515 diu
556 2441 692 2516 eirinde
715 2463 882 2516 versatus
906 2448 1022 2517 bene·

47 2573 108 2639 que
123 2550 283 2618 habitus
299 2561 367 2642 est,
395 2545 529 2616 dilexit
545 2546 649 2618 enim
660 2543 822 2615 Olavum
837 2537 1042 2619 Reasnou¹

45 2652 172 2739 minus,
194 2673 312 2740 quam
329 2647 451 2718 filium
473 2671 598 2718 suum.
637 2649 683 2716 In
699 2646 772 2716 hoc
792 2647 921 2720 exsilio
934 2649 1022 2718 ola-

44 2773 104 2820 vus
119 2773 187 2820 sex
204 2741 352 2818 hiemes
367 2748 408 2822 in
425 2743 607 2820 Esrho'nia
619 2745 704 2820 fuit.
758 2747 1022 2820 Reascolonus
1111 2773 1122 2845 j

46 2855 153 2920 etiam
184 2847 451 2946 Thorgilsem,
475 2847 597 2918 filium
622 2846 793 2920 Thorolu
811 2849 1022 2944 Lusaskeg-
1074 2918 1076 2929 ,
1135 2839 1141 2862 “
1254 2922 1257 2930 ,

46 2955 117 3044 gis⁴
142 2965 307 3038 emeret,
345 2972 458 3041 quem
474 2947 521 3018 ad
536 2948 684 3034 servilia
698 2941 819 3040 'opera
836 2949 1021 3039 faciende,
1116 3019 1120 3037 ,

45 3065 82 3119 ut
98 3072 223 3121 cetera
237 3049 438 3140 mancipia,
466 3048 600 3144 coegit.
654 3045 1023 3144 Tandemsigurdus
1058 3077 1062 3084 ·

1 3205 2 3230 ,
43 3144 156 3223 Eiriki
177 3150 298 3233 filius,
331 3152 542 3219 avunculus
574 3149 699 3237 olavi,
731 3149 773 3221 in
799 3151 1034 3223 Esrhoniam·

1 3269 2 3276 ¹
46 3253 152 3342 venit,
178 3254 225 3322 ab
240 3249 695 3348 ValdamareHolmgardi
711 3271 802 3346 rege
811 3251 959 3338 missus,
973 3263 1022 3320 uc
1070 3295 1078 3316 s

47 3373 206 3444 peream
222 3352 420 3446 regionem
435 3351 580 3422 tributa
593 3351 677 3446 regi
698 3351 876 3422 solvenda
894 3351 1023 3445 exige·
1137 3414 1146 3434 ,

48 3467 107 3522 ret.
147 3454 334 3548 Sigurdus
350 3451 552 3548 magnifico
577 3467 781 3545 apparatu,
806 3452 940 3522 multis
956 3451 1050 3521 sti-·

49 3570 147 3644 patus
167 3553 396 3641 comitibus,
433 3553 647 3644 provincias
672 3553 812 3624 obibat.
872 3553 1023 3624 Accidit

52 3655 101 3725 die
116 3653 301 3748 quodam,
335 3677 424 3724 cum
448 3653 630 3752 Sigurdus
656 3675 745 3725 cum
765 3665 850 3734 toto
873 3675 942 3724 suo
960 3677 1022 3724 co·
1077 3729 1082 3738 ,

51 3758 177 3826 miratu
192 3755 240 3824 ad
262 3756 393 3825 aulam.
407 3753 614 3846 vilulae‘Reae'
631 3755 834 3847 equitaret,
869 3767 915 3824 ut
932 3754 1023 3826 ado·

51 3853 182 3928 lescens
201 3859 344 3927 olavus
370 3877 458 3924 cum
478 3846 561 3925 aliis
580 3856 710 3948 pueris
732 3854 905 3946 luderet,
937 3867 1023 3925 tan,

51 3958 244 4048 tumenim
260 3979 352 4026 eum
370 3961 466 4029 Reus
485 3956 687 4053 diligebat,
723 3971 768 4025 ut
788 3979 878 4026 eum
898 3958 1022 4027 nollet
1069 3997 1072 4014 «

52 4060 188 4130 servitio
204 4057 459 4154 adstringere,
477 4057 558 4126 'sed
575 4056 949 4150 corporisexercitiis
964 4078 1022 4127 ar-

91 4188 230 4258 ¹)p'ucros,
245 4191 277 4257 F,
297 4189 326 4240 S.
360 4175 396 4255 ¹¹)
415 4187 478 4240 vide
505 4187 622 4242 indicem
647 4181 869 4260 Vigaglumssegee
888 4187 936 4239 sub
954 4205 1022 4240 voce

57 4277 108 4328 vesi.
145 4278 168 4346 ¹)
183 4281 279 4346 Rekirr,
298 4278 330 4345 Β,
352 4276 391 4350 0;
415 4279 527 4346 Rekoni,
543 4281 573 4347 F,
593 4279 621 4332 S.
664 4280 701 4347 1⁴)
721 4279 895 4348 Jamskeggis,
915 4275 1023 4344 (ferreae
1107 4335 1109 4341 ,

57 4363 150 4438 barbe),
169 4371 199 4422 B.
837 4399 839 4404 ·
874 4441 876 4448 y
