2626 4678
320 293 396 390 14,
523 315 880 353 “’··-····
1015 325 1020 336 “
1135 311 1231 382 rste.

250 527 426 620 triusque
443 521 563 618 partis
583 520 761 618 ingenio,
783 547 868 598 non
881 523 1011 598 minus
1027 526 1103 636 ipsi
1112 549 1237 600 consu·
1294 583 1298 644 ,

250 630 368 702 luisse
388 626 671 696 demonstravit.
708 629 813 699 Tum
830 626 941 696 Ottar
955 629 1058 698 lares'
1074 645 1239 702 austrum
1296 653 1298 716 t

250 751 380 801 versus
402 741 507 796 trans
536 739 717 798 montana
743 727 940 797 transtulit
963 743 1003 798 et
1021 731 1241 800 Ottarstadis
1296 745 1297 774 ³

187 913 190 918 Δ
249 825 561 904 inNordrardalo
592 826 723 897 sedem
745 828 840 896 fixit.
908 829 1011 900 Anni
1037 833 1239 924 superioris

131 977 136 989 ι
250 945 380 1004 aestate
398 923 639 1017 Hatlfrodus,
675 927 778 999 filius
802 929 904 1017 ejuS,
942 953 964 998 e
982 937 1099 1022 portu
1114 933 1241 1006 Hvita·

253 1033 335 1104 ensi
354 1033 674 1122 solvensperegre
686 1030 881 1120 profectus
892 1028 1030 1122 fuerat,
1059 1033 1128 1126 qui
1145 1056 1240 1104 com·

243 1132 366 1231 ¹moda
389 1130 632 1224 navigatione
651 1153 741 1200 usus
759 1132 806 1202 ad
828 1132 1059 1226 Norvegiam
1087 1135 1242 1227 appulit,
1293 1223 1294 1227 Ἰ

217 1259 235 1300 z
251 1249 401 1328 satrapa
420 1231 583 1304 Hakono
605 1230 759 1324 Sigurdi
783 1231 865 1301 filio
895 1255 1085 1306 summam
1116 1259 1243 1306 rerum

159 1379 162 1389 ·
245 1347 515 1409 ,tumtenente
571 1334 799 1426 Quemcum
811 1332 1242 1407 Hallfrbdusconvenis·
1292 1388 1293 1421 ,

184 1447 187 1468 ¹
247 1426 313 1507 ¹set
343 1450 382 1504 et
397 1434 655 1522 salutavisset,
682 1446 832 1524 satrapa
849 1457 940 1504 eum
963 1435 1126 1506 comiter
1148 1437 1242 1506 exci-
1290 1452 1294 1521 ῖ

252 1539 381 1631 piens,
424 1533 508 1625 quis
535 1545 653 1623 esset,
686 1532 911 1626 interrogat.
964 1533 1058 1626 Ille,
1092 1539 1245 1608 nomine
1290 1539 1294 1580 f

24 1641 29 1650 '
86 1681 90 1698 ·
184 1658 187 1663 ·
251 1638 376 1725 edito,
403 1657 442 1704 se
465 1633 663 1730 Islandum
681 1657 761 1704 esse
787 1633 906 1721 'dixit5
944 1657 1095 1707 eavero
1113 1640 1245 1709 adven·
1287 1685 1294 1741 ,

166 1805 174 1824 ,
251 1735 402 1808 tusmei
418 1757 529 1805 causa
546 1748 614 1823 est,
641 1748 685 1803 ut
700 1733 893 1824 carminis,
921 1737 1023 1826 quod
1034 1738 1081 1807 de
1094 1753 1134 1809 te
1149 1763 1245 1809 com·
1292 1781 1293 1788 .

250 1835 376 1934 posui,
395 1834 582 1910 recitandi
597 1835 752 1904 veniam
767 1835 986 1928 impetrem.
1042 1839 1115 1908 Cui
1132 1853 1242 1910 satra·
1291 1829 1292 1835 ἵ

180 1929 187 1946 ’
250 1963 320 2035 pa:
363 1938 490 2007 virum
509 1957 588 2028 prae
614 1949 654 2004 te
670 1934 766 2026 fers,
804 1959 934 2028 coram
963 1941 1240 2029 potentioribus
1297 1952 1298 1974 ³

250 2041 371 2113 libere
392 2039 636 2128 loquentem,
650 2059 768 2128 quare
782 2037 944 2107 carmini
953 2053 1022 2109 tuo
1035 2038 1168 2112 faciles
1182 2064 1241 2136 auf
1297 2041 1298 2076 ³

249 2163 312 2213 res
332 2137 520 2230 praebebo.
574 2135 796 2208 Hellfrbdus
813 2159 985 2230 carmen,
1014 2141 1240 2232 quodinter·

251 2243 377 2312 calare
392 2237 478 2327 fuit,
498 2235 613 2330 digno
632 2260 697 2307 ore
710 2237 909 2308 recitavit.
949 2240 1125 2332 Satrapa,
1153 2243 1240 2312 actis

250 2340 396 2437 gratiis,
422 2339 538 2408 bonas
553 2351 675 2408 vestes
688 2359 946 2432 magnamque
963 2343 1145 2432 securim,
1168 2365 1240 2412 ma·
1292 2373 1297 2376 ··

129 2530 136 2534 -
248 2441 388 2520 nubrio
408 2438 599 2533 argenteis
612 2438 776 2510 lamellis
796 2454 943 2530 ornato,
971 2437 1128 2513 ei'dono
1143 2442 1241 2513 dedit

249 2558 290 2613 et
307 2541 439 2610 secum
456 2537 669 2632 hospitium
682 2562 753 2632 per
766 2539 938 2612 hiemem
953 2542 1111 2633 obtulit,
1146 2541 1241 2636 quod
1296 2573 1297 2580 ¹

247 2641 471 2717 Hallfrbtlus
495 2639 653 2733 accepit.
707 2641 896 2731 Sequente
922 2656 1052 2714 astate
1069 2644 1113 2714 in
1130 2645 1240 2714 Islan-
1296 2653 1297 2656 ’

250 2743 354 2816 diam
377 2739 577 2835 navigans,
620 2740 669 2811 ad
692 2739 900 2814 australem
933 2743 1070 2814 insulae
1095 2759 1239 2837 partem
1296 2741 1297 2822 ἶ

244 2843 563 2934 navemappulit3
581 2853 665 2912 tum
675 2855 838 2934 eopater
847 2843 939 2934 ejus,
954 2844 1131 2938 proxime
1149 2849 1242 2938 elap·

81 2995 84 3009 .
143 2995 152 3021 s.
239 2958 413 3037 ⁴sovere,
450 2951 616 3012 atractu
632 2943 777 3012 boreali
792 2943 1044 3038 migraverat,
1080 2969 1240 3042 quocum
1296 2965 1297 2980 ¹

175 3045 181 3059 “
247 3043 470 3118 Hallfrbdu's
481 3041 728 3135 perhiemem
738 3059 994 3134 commoratus
1007 3059 1074 3118 est.
1129 3049 1239 3121 Dein·

250 3167 339 3238 ceps
362 3144 509 3236 aliquot
532 3125 679 3212 eistates
693 3144 914 3221 Hallfrbdus
931 3145 974 3216 in
991 3145 1237 3242 navigationi·
1295 3203 1296 3220 .

248 3246 321 3315 bus
341 3243 572 3332 consumsit,
598 3267 797 3338 nunquam
812 3270 903 3317 vero
917 3245 964 3316 ad
973 3247 1170 3320 borealem
1186 3247 1237 3316 in-
1295 3253 1296 3318 l

250 3347 344 3415 sulae
370 3358 525 3438 partem
550 3343 675 3429 venit3
696 3344 788 3432 'jam
808 3346 865 3415 vir
900 3346 1087 3440 praedives
1111 3347 1235 3434 factus,

148 3475 156 3478 ·
251 3447 415 3538 ipseque
439 3447 545 3516 navis
557 3449 767 3544 possessor.
822 3446 1047 3520 Hicaestate
1073 3450 1235 3541 quadam,

227 3629 228 3632 Ἴ
251 3547 299 3616 ab
326 3546 490 3618 Islandia
507 3546 674 3636 delatus,
701 3545 749 3618 ad
771 3548 1018 3642 Agdanesum
1032 3573 1170 3622 navem
1189 3561 1237 3615 te·

252 3646 360 3732 nuit3
400 3669 488 3718 curn
514 3669 603 3717 vero
627 3645 824 3739 homines,
857 3649 994 3739 quibus
1021 3669 1111 3721 cum
1133 3649 1235 3720 collo·

254 3759 451 3840 queretur,
476 3749 610 3817 nactus
621 3760 740 3844 esset,
756 3749 912 3840 audivit,
938 3749 1081 3822 factam
1099 3752 1140 3820 in
1153 3754 1235 3822 Nor·

254 3847 576 3945 regiaregiminis
603 3843 881 3940 mutationem,
904 3864 1064 3920 mortuo
1083 3851 1232 3938 Hakono

255 3958 426 4036 satrapa,
462 3948 525 4016 cui
539 3971 607 4018 rex
627 3950 766 4019 Olavus
784 3951 970 4046 Tryggrii
986 3941 1089 4021 lilius
1109 3953 1149 4022 in
1161 3969 1234 4041 reg-

254 4068 350 4114 num
362 4047 611 4139 successisset.
637 4051 838 4140 Praeterea,
851 4071 986 4146 regem
998 4051 1234 4122 Olavutnom·

255 4145 368 4214 mbus
387 4145 608 4219 homiuibus
628 4150 878 4224 christianam
903 4150 1135 4248 religionem
1152 4171 1233 4246 proe·

1288 4381 1295 4412 l

1283 4547 1295 4620 l
