2628 4678
40 387 244 454 crea-105.
275 401 309 482 3:
350 345 689 496 -’--·
886 373 977 466 247

39 617 117 672 erat
136 602 243 671 enim
259 600 396 670 Hakon
414 581 571 692 dynasta
588 601 695 670 omni
713 613 888 693 tempore
897 584 1040 696 subdo,

36 705 113 796 lus,
140 702 283 772 infidus
305 714 343 769 et
359 701 486 790 fallax,
511 715 590 770 tam
608 703 751 789 amicis,
777 725 894 793 quam
909 704 1041 772 inimi*
1120 765 1128 782 ‚
1229 713 1232 724 '

38 805 99 894 cis,
129 802 344 872 acerrimus
362 815 460 869 v'erae
477 801 674 896 religionis
692 800 822 891 hostis,
836 814 886 872 'et
899 804 1044 872 sacrifia.

36 906 190 973 ciorum
211 903 358 980 cnlt0r3
385 901 527 994 quippe
542 901 674 970 aderat
692 913 867 993 tempus,
895 905 941 972 ab
959 926 1040 972 om·

34 1007 239 1096 nipotente
257 1004 327 1073 deo
342 1004 619 1092 praestitutum,
647 1023 722 1092 quo
750 1005 877 1074 cultus
900 1004 1038 1082 sacrifiss

35 1109 146 1194 calis,
185 1098 324 1200 religio
352 1103 530 1186 ethnica,
566 1117 606 1170 et
633 1105 759 1172 malus
788 1105 861 1174 iste
888 1104 1038 1173 inimici
1065 1115 1070 1128 ’

34 1207 233 1294 minister,
260 1203 394 1274 Hakon
414 1204 590 1296 dynasta,
612 1203 951 1292 condemnaretur,
976 1228 1040 1273 eo-

34 1331 121 1376 rum
145 1306 294 1374 veroin
319 1306 450 1373 locum
472 1315 602 1373 sancta
631 1303 771 1395 religio
802 1306 1036 1393 succederet,

34 1409 214 1499 rectique
231 1428 357 1476 mores
373 1426 442 1494 per
457 1405 760 1476 terrasboreales
776 1407 912 1494 pulcre
926 1409 1038 1476 flore-

34 1524 142 1596 rent,
168 1507 356 1577 benevolo
377 1504 502 1575 studio
521 1504 724 1592 adjuvante
744 1505 820 1574 hoc
836 1505 1036 1576 benedicto
1133 1509 1136 1525 '

36 1611 94 1680 dei
111 1607 264 1680 domini
281 1608 444 1694 nuntio,
472 1607 592 1674 Olavo
610 1606 796 1702 Tryggvii
813 1607 905 1680 filio.
959 1609 1036 1676 Ha-

34 1711 107 1780 kon
128 1700 311 1802 dynasta,
334 1706 489 1798 ¹quando
506 1704 731 1776 interfectus
745 1719 822 1794 est,
845 1706 952 1776 annis
970 1709 1037 1777 tri-

35 1815 139 1906 ginta
166 1809 291 1878 tribus
318 1807 477 1899 dynasta
505 1807 649 1892 fuerat,
684 1823 732 1878 ex
756 1829 832 1898 quo
853 1807 1036 1908 Sigurdus
1141 1830 1147 1844 ⁸

38 1914 219 2005 dynasta,
243 1923 353 1999 pater
374 1911 473 1995 ejus,
497 1907 676 2002 decessit;
701 1907 824 1995 idem,
853 1930 941 1977 cum
970 1930 1046 1996 pa-·

36 2027 94 2080 ter
108 2033 205 2080 suus
219 2023 455 2096 moreretur,
487 2007 623 2102 viginti
648 2009 819 2099 quinque
846 2030 1036 2080 annorum

37 2128 139 2198 erat,
167 2119 273 2181 nun’c
288 2134 389 2198 vero,
413 2133 501 2178 eum
517 2108 740 2184 interfectus
759 2121 831 2200 est,
847 2109 1034 2201 quinqua·-

36 2216 141 2310 ginta
158 2226 247 2284 octo
268 2233 386 2282 annos
403 2210 672 2302 compleverat.
706 2289 709 2296 ¹
858 2288 871 2301 ⁶

40 2317 193 2384 Olavus
216 2311 404 2404 Tryg'gvii
421 2310 537 2400 filins
555 2335 624 2380 rex
640 2310 846 2403 Norvegioe
863 2323 1032 2380 creatus.

85 2403 180 2504 Cap.
199 2421 272 2485 105.
296 2412 475 2481 Proxime
496 2425 584 2502 post
601 2431 746 2508 ,necem
771 2411 941 2483 Hakonis
966 2411 1033 2504 dy-

35 2525 151 2584 nastae
175 2533 258 2580 'rex
289 2514 427 2581 Oiavus
450 2510 585 2581 Hla'dis
604 2533 646 2579 se
670 2511 900 2582 continebat.
955 2513 1035 2582 Ubi

35 2637 122 2682 vero
133 2614 252 2706 vulgo
275 2625 514 2703 compertum
527 2609 602 2698 est,
613 2613 817 2682 Hakonem
832 2611 1034 2705 dynastam

35 2714 296 2783 interfectum
316 2737 415 2802 esse,
452 2725 491 2781 et
517 2713 680 2782 Olavum
698 2712 1033 2805 Tryggviivfiliuni
1065 2753 1070 2762 «
1135 2792 1138 2802 .

36 2815 77 2882 in
97 2813 329 2904 ejusrlocum
349 2811 591 2900 successisse,
615 2835 748 2881 omnes
768 2811 841 2881 viri
866 2813 1032 2882 auctori·

36 2930 112 2985 tate
129 2929 170 2985 et
187 2915 362 3004 potentia
380 2913 585 3004 conspicui,
610 2937 656 2982 ex
674 2912 871 2982 co'mmuni
884 2913 1031 2985 Thran-
1102 2927 1104 2932 '

39 3016 198 3106 dorum,
223 3014 321 3085 item
335 3014 450 3084 multi
467 3013 534 3082 alii
550 3013 746 3102 homines,
780 3037 870 3082 eum
897 3025 1031 3089 conve·
1116 3002 1122 3019 ’

40 3131 189 3208 nerunt,
210 3109 382 3186 unanimi
398 3135 585 3184 consens-u
598 3127 787 3210 rogantes,
814 3127 860 3182 ut
877 3137 945 3182 rex
958 3085 1030 3182 sibi

38 3239 195 3308 praesse
213 3219 341 3306 vellet,
363 3217 474 3306 'eique
498 3228 656 3306 operam
667 3237 777 3284 suam
796 3216 1043 3283 ‹et-volunta·

39 3311 137 3390 rium
157 3309 385 3408 obsequium
404 3316 648 3404 obtulerunt,
676 3315 879 3410 docentes,
896 3339 936 3391 se
954 3315 1030 3384 hoc

42 3443 164 3488 rerum
194 3429 315 3506 statu,-
349 3409 565 3509 quinuped
590 3415 786 3505 inciderit,
830 3439 910 3486 esse
944 3415 1046 3489 sine·
1136 3419 1139 3423 ’

41 3520 207 3614 principe
239 3541 319 3587 non
351 3538 474 3612 posse3
515 3513 710 3603 addentes,
739 3514 860 3608 'quod
892 3539 1028 3588 verum

44 3634 128 3709 erat,
145 3619 345 3714 durissima
362 3619 500 3710 quaevis
515 3617 587 3687 sibi
610 3603 869 3718 ab'dynastis,
893 3619 1039 3691 Eiriko·
1072 3657 1073 3660 =

45 3723 228 3807 etSveine,
240 3716 486 3818 expectanda,
498 3717 658 3809 propter
670 3720 899 3802 tumultum,
908 3713 1027 3808 quem
1041 3743 1043 3752 ’

45 3819 428 3894 adversus-Hakonem
454 3820 671 3912 dynastam,
697 3833 848 3911 patrem
879 3821 1031 3908 eorum,
1113 3889 1116 3894 ,
1213 3803 1216 3808 ’

47 3923 307 3994 excitavissent.
372 3920 502 3991 Oratio
525 3943 664 3990 eorum
682 3923 807 4013 Olavo
830 3923 928 3991 bene
945 3923 1025 4013 pla-

48 4023 126 4093 cuit.
148 4113 150 4122 ,
175 4019 312 4114 Itaque
333 4022 680 4108 communiffeorum
693 4024 848 4097 consilio
863 4021 1019 4093 comitia

48 4136 124 4194 octo
142 4126 428 4219 provinciarum·
466 4125 511 4193 in
547 4123 859 4196 Thrandheimo,
880 4123 1025 4192 indicta

48 4240 141 4322 sunt,
164 4252 238 4325 quo
257 4248 397 4324 magna
414 4225 619 4303 hominum
642 4225 918 4300 multitudoex
941 4236 1023 4292 toto
1101 4228 1108 4236 “
