2680 4678
11 348 148 439 emo..
305 299 312 316 ¹
395 365 713 432 ·-......-:-..··....-‚,
814 297 960 441 -271

11 578 111 650 istae
128 555 210 664 res,
233 595 330 666 ¹quas
347 585 429 644 tam
451 570 626 668 egregias.
637 547 805 664 judicas,
833 581 878 646 ut
898 599 1028 668 neque

11 697 279 768 nuncusque
299 675 407 768 prius
425 675 508 744 aliae
526 675 622 756 tales
641 675 912 748 inveniantur?
947 679 1026 746 Cae-

11 803 92 850 cus
108 779 177 849 ille
190 778 248 845 vir
265 777 334 846 ait:
361 775 533 868 primum
550 777 725 858 omnium
733 778 906 868 nomino,
922 779 1026 872 quod

11 880 208 954 omnibus
223 877 561 970 perspicuumst,
590 891 629 946 et
650 877 696 946 de
717 901 793 968 quo
816 879 919 950 inter
945 905 1025 964 orn-

11 1003 94 1055 nes
117 979 314 1070 'sapientes
340 979 442 1048 viros
468 979 635 1066 constat,
674 981 830 1049 nullum
853 983 1025 1052 extitisse

11 1080 529 1176 regem3'qualem01avum
543 1078 731 1172 Tryggvii
744 1079 894 1176 filium3
909 1099 1025 1174 atque

11 1185 116 1266 iden
132 1201 320 1278 magnum
329 1178 513 1254 damnum
526 1194 594 1268 est,
607 1179 725 1251 talem
734 1183 912 1252 amittere
921 1186 1026 1276 prin-

12 1287 158 1378 cipem
169 1333 186 1372 s
208 1280 311 1374 quod
324 1283 458 1353 nullus
470 1303 540 1350 rex
552 1281 635 1371 pari
655 1303 746 1352 curn
761 1283 884 1375 gloria
897 1299 1027 1356 totum
1060 1363 1062 1370 ,

11 1386 223 1481 populum
240 1382 342 1457 rexit
360 1395 398 1452 et
410 1381 575 1472 adjuvit,
603 1406 646 1454 ac
663 1404 729 1454 rex
749 1384 901 1456 Olavu's.
958 1387 1028 1457 'Se-
1070 1387 1075 1412 ¹
1123 1461 1128 1466 ,
1181 1460 1182 1466 1

15 1487 199 1560 cundam
217 1505 354 1556 censeo
370 1483 547 1577 reginam
564 1484 773 1578 Thyriam3
799 1485 846 1556 de
862 1509 1026 1578 quaom-

14 1613 92 1662 nes
109 1604 192 1660 uno
207 1609 273 1655 ore
288 1584 400 1656 fateri
414 1583 550 1674 audio,
575 1609 656 1656 non
677 1589 893 1678 paremsilli
914 1588 1027 1658 semi·

15 1715 117 1765 nam
130 1737 151 1778 3.
171 1701 252 1767 tam
273 1686 477 1777 prudentia
502 1710 617 1777 quam
644 1688 841 1775 bonitate,
865 1689 908 1758 in
928 1694 1026 1762 Nor·

15 1781 185 1886 vegiam
206 1791 365 1877 venisse.
419 1789 553 1875 Tertia
574 1802 632 1858 est
652 1789 757 1859 navis
777 1789 887 1861 Olavi
909 1791 1026 1884 regis,

16 1895 196 1983 Serpens
212 1889 371 1984 longus,
397 1888 444 1960 de
458 1911 536 1980 quo
551 1890 1043 1983 omnium.c0nsensuper·,

16 1995 192 2078 hibetur
202 2023 216 2079 ι’
238 1993 356 2066 talem
365 2013 504 2076 narem
517 1991 561 2067 in
575 1992 768 2088 Norvegia
777 1991 1023 2063 nonfactam.

19 2101 200 2191 Quartus
217 2095 273 2160 e'st
290 2091 391 2162 canis
403 2089 523 2186 regis,
547 2092 700 2187 vigim,
715 2095 793 2185 ·qui
809 2109 1040 2164 suanatura·
1144 2097 1148 2104 '

20 2195 174 2290 quovis·
184 2192 259 2262 alio
275 2216 368 2263 cane
387 2193 460 2262 hac
472 2193 513 2263 in
531 2207 633 2264 terra
650 2196 823 2288 sagacior·
837 2209 875 2263 et
885 2196 1027 2266 melior
1099 2247 1102 2258 ι

21 2312 105 2384 est3
131 2296 388 2366 metuendum
405 2317 495 2363 vero
515 2309 591 2385 est,
617 2320 668 2365 ne
683 2319 787 2364 nunc
806 2295 912 2366 idem
928 2296 1027 2367 acci-

21 2401 111 2489 dat,
158 2395 258 2487 quod
279 2417 391 2490 saepe
400 2419 477 2466 usu
499 2399 629 2466 venire
653 2411 824 2488 potest,
834 2412 879 2466 ut
897 2399 1070 2467 subito

20 2503 280 2587 amittantur,
313 2499 524 2590 brevisque
536 2495 683 2570 fructus
702 2498 938 2613 percipiatur
964 2512 1027 2570 ea·
1106 2543 1111 2548 -

19 2625 120 2674 rum
135 2623 289 2689 rerum,
318 2622 401 2690 quae
422 2598 513 2674 aliis
533 2599 593 2670 sui
612 2601 763 2713 generis
784 2602 910 2672 multo
934 2613 1028 2672 sunt

21 2714 216 2796 prtaestan
218 2700 328 2780 iores
388 2703 497 2774 Tum
519 2723 587 2770 rex
608 2722 694 2772 suos
713 2701 823 2786 jussit
845 2701 893 2771 ad
911 2723 1065 2778 naves

22 2801 199 2900 regredi.
226 2801 325 2872 Cum
337 2825 427 2872 vero
444 2801 556 2873 domo
571 2801 720 2896 egressi
718 2816 812 2872 ante
824 2799 928 2874 fo'res
939 2801 1054 2872 sub-¹

22 2906 238 2991 stiu'ssent,
266 2919 388 2974 caecus
417 2903 485 2972 ille
506 2905 563 2974 uir
581 2903 702 2974 fatur:
731 2904 927 2974 enimvero
944 2928 1047 2974 mor,

23 3011 174 3079 lestum
184 3018 254 3092 est,
268 3017 506 3076 senectutem
516 3019 555 3076 et
568 2996 777 3076 ceritatem
787 3005 1025 3096 simultane,
1045 3035 1050 3072 ι

24 3105 334 3198 namplerisque
357 3106 510 3198 senibus
526 3099 630 3180 idem
645 3101 948 3194 acciderasolet,
970 3105 1048 3175 ut,

25 3233 109 3281 nun
139 3205 265 3286 mede
278 3207 483 3282 hebetetur
506 3208 628 3298 visus,
651 3207 720 3280 sed
737 3207 966 3280 ,debilitetur
988 3230 1050 3275 ευ

24 3312 126 3380 tiam
154 3329 262 3406 mens
283 3315 374 3384 cum
399 3309 576 3380 cecitate.
590 3309 779 3400 corporis3
801 3331 906 3379 nunc
920 3307 1028 3398 equi·

28 3411 122 3481 dem
145 3421 328 3486 nontam
344 3411 468 3484 multa
487 3409 645 3482 fuissem
661 3413 832 3500 locutus,
856 3409 1027 3482 sinovis-

28 3535 135 3599 sem,
171 3505 212 3579 id
225 3510 340 3601 quod
359 3534 464 3586 num:
492 3511 591 3601 seio,
624 3533 689 3581 me
715 3510 912 3603 cumipse
933 3527 1028 3603 rege

29 3613 158 3692 olavo
175 3611 477 3706 collocutum3
465 3635 544 3702 Jam
557 3635 646 3684 vero
662 3615 783 3684 semel
798 3611 899 3682 dicta
919 3633 1028 3680 reto.-

30 3737 122 3784 care
147 3733 228 3783 non
248 3711 317 3790 fas,
318 3725 412 3800 est3
436 3737 527 3784 vero
544 3727 674 3786 autem
691 3713 933 3784 simillimum
958 3727 1028 3802 est,
1088 3791 1091 3801 f

31 3837 98 3882 eos
130 3810 393 3885 deliramentis
415 3816 513 3885 meis
531 3837 670 3907 parum
692 3793 812 3884 fidem
836 3813 1029 3884 adhibitu-

29 3935 115 4004 ros,
145 3913 317 4005 quamvis
331 3915 485 3988 credere
499 3926 708 4008 prestaret
762 3917 852 3986 Post
864 3914 946 3984 haec
959 3937 1030 3998 rex

32 4015 181 4100 Olavus
200 4036 289 4082 cum
302 4037 378 4090 suls
395 4016 443 4086 ad
457 4037 571 4088 naves
589 4038 784 4138 regressus
802 4021 868 4086 est.
919 4015 1028 4102 Inda,
1121 4031 1129 4072 ’-
1228 4014 1237 4090 Ῑ

33 4137 125 4188 eum
143 4115 321 4206 primum
330 4117 518 4190 secundus
533 4109 748 4210 adspirabat
759 4131 912 4206 ventus,
939 4139 1031 4186 cum

32 4227 115 4286 tota
129 4217 255 4286 classe
272 4234 445 4290 austrum
455 4233 586 4303 versus
603 4219 765 4296 tendens
778 4218 945 4290 Daniam
959 4238 1032 4309 per
