2634 4682
312 363 463 457 2162.
638 377 912 482 ····†···
1067 327 1266 450 senc.

285 583 352 692 jus
361 613 457 690 opus
472 602 591 679 esset,
619 581 884 669 comitabatur.
949 593 1044 664 Erat
1055 592 1209 668 Raudus
1223 618 1270 665 sa·

206 707 209 727 ¹
288 698 525 770 crificiorum
546 687 919 780 observantissimus,
944 706 983 760 et
996 696 1137 764 artium
1156 697 1270 788 magi·

287 823 422 872 catum
437 788 706 887 peritissimus
724 787 902 889 viroque,
930 794 1040 880 cujus
1053 818 1271 886 supramen·

286 902 343 971 tio
357 899 479 985 facta,
506 891 680 966 Thorere
699 889 819 988 Cervo
832 889 954 983 dicto,
980 899 1175 990 Vargorum
1182 919 1271 988 prae·

288 1001 383 1091 siti,
405 996 543 1068 intima
558 993 713 1090 junctus
727 991 895 1062 amicitia
905 1018 931 1084 3¹
950 993 993 1071 hi
1013 998 1123 1082 arnbo
1137 997 1271 1087 princi-

287 1126 386 1198 pum
410 1098 584 1168 virorum
607 1106 717 1162 erant
736 1091 905 1162 maximi.
939 1093 944 1101 '
973 1095 1071 1188 Qui,
1099 1097 1271 1166 certiores

287 1200 398 1288 iacti,
425 1217 558 1292 regern
576 1193 739 1265 olavum
757 1215 845 1282 cprn
862 1209 1008 1264 armata
1023 1219 1140 1284 manu
1152 1197 1201 1266 ab
1216 1222 1271 1267 au-

289 1321 368 1376 stro
382 1295 589 1391 Halogiam
606 1293 861 1386 circumvehi,
888 1295 1190 1390 copiascogunt,
1216 1323 1271 1368 na-

288 1428 352 1476 ves
384 1403 595 1492 imperant,
636 1409 675 1464 et
703 1415 842 1488 magno
878 1396 1070 1486 stipantur
1098 1399 1270 1466 exercitu.

289 1514 382 1582 Erat
402 1499 535 1573 Raudo
551 1497 662 1566 draco
683 1495 804 1588 (navis
820 1495 976 1588 bellica)
996 1496 1154 1590 ingens,
1181 1501 1271 1590 capi·

290 1609 394 1678 tibus
415 1597 619 1696 inauratis,
646 1595 806 1690 triginta
828 1597 1099 1665 interscalmiis
1116 1600 1272 1668 instruc-

290 1724 372 1794 tus,
406 1715 522 1793 atque
547 1692 714 1794 ingentis
737 1718 807 1786 pro
824 1697 897 1766 hoc
914 1721 1079 1767 numero
1093 1700 1272 1792 magnitu-

293 1807 401 1882 dinis.
448 1803 660 1894 Ingentem
676 1803 829 1888 quoque
846 1819 983 1868 navem
1000 1797 1163 1867 ducebat
1180 1803 1272 1872 Tho-

293 1933 356 1982 rer
370 1906 524 1974 Cervus.
554 1904 557 1912 '
571 1899 631 1971 xHi
649 1901 768 1968 classe
782 1914 955 1968 austrum
964 1921 1093 1968 versus
1103 1900 1187 1993 regi
1198 1902 1272 1969 Ola-

292 2033 341 2080 vo
361 2005 511 2076 obviarn
536 1999 658 2088 vecti,
693 2013 738 2068 ut
764 1999 937 2090 primurn
963 1999 1093 2068 hostes
1118 2000 1271 2069 offende
1314 2067 1315 2076 ,

292 2123 402 2197 runt,
428 2125 562 2199 regern
577 2097 710 2194 praelio
729 2099 1015 2194 aggrediuntur.
1079 2099 1212 2170 Oritur
1228 2100 1271 2168 ibi

256 2218 258 2226 ’
293 2229 480 2303 magnum
495 2224 658 2295 aereque
676 2215 890 2286 certamem
917 2223 1007 2269 mox
1021 2201 1141 2292 copiis
1159 2201 1270 2270 ethni-

184 2361 189 2386 .
294 2332 430 2382 corum
447 2319 574 2398 strage
587 2299 750 2393 attritis,
775 2303 1011 2392 navibusque
1029 2301 1270 2370 militenuda·

293 2413 364 2501 tis,
391 2407 518 2478 subito
534 2426 681 2496 pavore
687 2417 885 2494 correptus
896 2400 1086 2470 exercitus
1103 2390 1271 2495 infugam

296 2537 336 2584 se
346 2505 522 2596 conjecit.
574 2503 731 2578 Raudus
747 2527 836 2574 curn
853 2503 1015 2572 dracone
1029 2523 1097 2571 suo
1112 2503 1153 2571 in
1164 2504 1271 2572 altum

255 2641 260 2666 ⁴
294 2630 520 2708 properans,
544 2606 629 2676 vela
645 2603 766 2674 ventis
783 2605 871 2673 dare
886 2600 1019 2691 jussit3
1032 2602 1097 2672 hic
1117 2625 1270 2693 quocun·

296 2737 373 2809 que
390 2707 569 2802 navigare
584 2706 720 2800 veliet,
752 2720 911 2778 ventum
924 2701 1137 2774 secundum
1151 2717 1269 2774 nactus
1306 2720 1312 2757 τ

298 2830 376 2903 est,
404 2833 477 2903 ope
496 2803 634 2900 magiae
656 2827 735 2874 sure
751 2819 790 2874 et
802 2802 1117 2874 incantationum.
1167 2805 1216 2874 Ut
1231 2803 1268 2869 de
1307 2815 1314 2860 t

291 2915 437 2990 ¹itinere
456 2901 581 2982 naudi
597 2905 729 2998 paucis
747 2903 938 2993 dicamus,
976 2927 1021 2974 eo
1043 2927 1165 2996 usque
1182 2901 1267 2974 navi-
1307 2930 1312 2949 ·

297 3014 421 3112 gavit,
466 3009 586 3080 donec
616 3003 774 3076 domum
802 3003 843 3078 in
872 3003 1070 3098 Godeyam
1099 3002 1264 3100 pervenit.

225 3138 228 3149 ‘
298 3117 453 3191 Thorer
471 3103 614 3181 Cervus
633 3129 722 3189 curn
738 3105 817 3179 suis
834 3105 952 3198 copiis
971 3106 1018 3174 ad
1033 3119 1178 3176 terram
1193 3104 1266 3196 fuga

299 3217 505 3310 appulsus,
541 3203 610 3278 ·ibi
642 3205 732 3282 curn
758 3207 836 3276 suis
862 3231 882 3276 e
916 3203 1074 3278 navibus
1106 3203 1264 3277 cucurrit.

301 3313 404 3414 Quos
420 3324 643 3407 persecutus
661 3331 728 3378 rex
746 3307 885 3389 Olavus
901 3307 1106 3386 interram
1120 3303 1266 3377 escendit

292 3442 392 3494 ¹curn
409 3415 506 3503 suis,
531 3410 726 3505 fugientes
744 3408 988 3506 persequitur
1006 3408 1178 3478 etcaedit.
1203 3409 1266 3476 Rex
1311 3429 1312 3448 ³

259 3505 271 3522 ⁴
302 3521 441 3590 Olavus
456 3529 603 3584 ceteros
616 3513 728 3581 cursu
742 3522 999 3602 praeverterat,
1025 3522 1071 3578 ut
1085 3507 1266 3601 sepissime
1311 3535 1313 3586 t

300 3615 386 3689 fieri
403 3616 568 3704 solebat,
593 3607 661 3682 ubi
681 3608 905 3700 hujusmodi
919 3606 1074 3703 negotia
1094 3621 1265 3679 erantten·
1308 3617 1313 3694 t

301 3718 441 3802 tanda3
474 3739 542 3784 rex
559 3714 775 3786 Thorerern
790 3710 955 3780 Cervurn
970 3725 1188 3779 currentem
1200 3727 1265 3776 con·
1311 3699 1313 3726 ⁵

303 3820 452 3912 spexit,
484 3809 687 3884 velocitate
710 3809 854 3905 pedum
870 3809 1044 3880 omniurn
1060 3805 1265 3902 praestantie

304 3921 467 4000 simum,
502 3917 607 3984 hunc
631 3935 699 3982 rex
722 3927 945 4005 persecutus
972 3921 1049 4002 est,
1087 3909 1264 3982 comitante
1310 3939 1311 3944 ¹

304 3996 396 4090 carie
413 4039 481 4084 suo
500 4009 633 4108 Vigi03
670 4015 733 4084 cui
748 4035 833 4082 rex:
865 4012 972 4106 Vigi,
1007 4029 1101 4102 cape
1119 3999 1263 4084 certum!

306 4116 419 4186 Canis
436 4113 883 4208 lugientemThorerem
899 4113 1118 4202 insecutus,
1144 4113 1181 4181 in
1197 4125 1263 4177 eum

251 4285 256 4297 ,
304 4237 394 4286 mox
409 4211 544 4297 irruit3
564 4204 897 4286 .Thorerci1rstrm
917 4209 1032 4298 stitit;
1058 4236 1124 4281 rex
1147 4223 1262 4308 gesom

1313 495 1315 556 t
