2628 4678
48 369 153 438 aa·
387 355 666 412 -·-
841 360 1013 492 3233„

46 605 148 672 vum,
189 599 231 656 ut
253 563 456 653 Mestriam
484 576 702 672 attigerant,
747 583 917 674 monuit,
952 585 1027 661 ho'c
1061 567 1073 670 ¹,

45 707 160 754 unum
175 684 248 775 ipsi
264 679 366 748 factu
384 680 575 770 optimum
593 705 690 770 esse,
722 696 782 769 ut,
816 686 899 774 quis
916 703 1025 776 esset,
1059 773 1064 781 h
1139 695 1141 702 '

45 808 87 854 ne
102 788 309 876 aperiret,
307 793 362 847 et
380 802 503 868 quam
515 780 695 850 citissime
694 787 1026 872 septemtrionem

15 908 162 954 versus
189 886 231 954 ιιι
250 879 588 952 Thrandheimnm
609 881 655 949 ad
680 864 883 954 Hakonem
910 887 1026 984 dyna-

15 1000 131 1054 stam
148 1008 188 1053 se
210 982 421 1072 conferret,
444 1003 585 1076 nequa
605 982 650 1049 de
671 983 837 1054 adventu
859 987 942 1072 ejus
973 988 1027 1056 fa·
1131 1003 1133 1011 “

43 1110 95 1154 ma
109 1095 370 1182 praecurreret.
431 1085 516 1176 Hoc
546 1084 751 1152 consilium
768 1087 849 1177 regi
875 1102 913 1156 et
930 1090 1026 1156 utile

45 1201 76 1254 et
89 1187 257 1278 prudens
275 1183 399 1251 visum
416 1197 486 1273 est,
513 1206 641 1296 quare
647 1183 699 1251 sic
715 1183 825 1272 fecit,
851 1202 894 1254 ut
908 1203 1026 1258 noctu

43 1287 298 1378 interdiuque
317 1305 396 1351 non
426 1275 646 1354 intermissi>
678 1283 836 1372 itinere,
868 1288 1026 1358 boream
1110 1373 1115 1383 ⁴

15 1411 159 1458 versus
185 1383 400 1458 secundum
424 1397 565 1454 terram
591 1405 661 1474 per
686 1388 872 1456 exteriora
897 1392 1024 1477 maris,

44 1501 109 1580 qua¹
131 1501 272 1558 ventus
297 1485 462 1572 ferebat,
498 1508 651 1554 cursum
675 1490 941 1578 contenderet,
977 1490 1026 1560 ad

15 1639 16 1644 ι
45 1590 298 1658 continentem
322 1599 467 1656 terram
482 1609 672 1676 nusquam
689 1590 919 1679 appelleret,
945 1591 1024 1680 sed,

15 1755 16 1760 ,
44 1693 148 1759 ventis
165 1688 344 1772 adversis,
362 1687 408 1755 ad
425 1685 566 1756 insulas
584 1687 788 1756 exteriores
806 1693 1023 1762 excubaret.

45 1790 121 1860 Ideo
141 1815 235 1871 vero
258 1789 408 1861 Thorer
421 1785 561 1876 Klaklra
582 1788 658 1856 hoc
681 1790 831 1858 consilii
857 1791 1024 1879 dederat,

17 1925 19 1928 f
44 1892 131 1981 quod
154 1891 265 1981 novit
290 1886 492 1982 ingenium
516 1889 652 1980 populi
672 1897 863 1960 novarum
892 1915 1025 1962 rerum

16 2059 17 2064 ,
45 1983 263 2084 plerumque
280 1985 427 2080 cupidi,
459 2001 498 2056 et
519 1990 636 2058 altera
660 1991 863 2080 ex'par'te,
905 2016 1024 2084 quan-

44 2106 108 2162 tam
131 2095 173 2162 in
201 2090 391 2183 Norvegia
415 2087 555 2158 famam
580 2091 794 2167 multorum
821 2093 1024 2162 hominum

15 2229 18 2267 2
45 2195 373 2262 relatione'Olavus
390 2191 688 2282 Tryggviifilius
717 2183 877 2282 adeptus
905 2207 1023 2277 esset3

20 2317 143 2410 quem
158 2293 192 2362 si
209 2307 271 2362 tot
273 2289 408 2408 ampli
428 2291 579 2385 cognati
596 2303 633 2358 et
648 2291 796 2382 affines,
825 2309 919 2384 quot
938 2295 1024 2372 Ola-

45 2415 104 2463 tus
122 2394 302 2510 inprimis
325 2394 367 2460 in
392 2392 503 2484 regni
524 2404 632 2482 parte
664 2393 842 2462 orientali
876 2389 1022 2484 habuit,

45 2493 246 2610 principem
270 2491 529 2580 creavissent,
552 2489 678 2582 quod
709 2507 811 2561 certe
847 2444 1024 2564 futuruni
1115 2509 1119 2520 ’

15 2611 129 2685 erat,
140 2597 174 2664 si
198 2619 289 2664 eum
305 2595 439 2684 patriae
454 2592 647 2662 redditum
667 2593 945 2684 cognovissent,
964 2597 1022 2664 in·
1101 2633 1106 2638 -

45 2698 177 2766 tellexit
193 2698 288 2780 fore,
316 2709 361 2763 ut
378 2693 642 2764 universusad
658 2715 748 2762 eum
765 2698 930 2786 populus
949 2711 1022 2768 stad

46 2798 101 2866 tim
122 2799 347 2886 conflueret,
366 2815 456 2864 eum
475 2793 600 2864 solum
619 2815 689 2883 pro
704 2813 792 2889 rege
810 2797 1019 2886 habiturus,

48 2919 199 2989 susque
189 2898 314 2966 solrus
325 2893 591 2966 auctoritatem
597 2895 1018 2985 oprbussublevaturus.

50 2997 128 3068 Cum
153 3021 244 3068 rero
268 3017 416 3066 summa
442 3006 539 3066 esset
562 2977 730 3066 Hakonis
763 2997 928 3088 dynastae
951 3020 1020 3087 per

49 3117 232 3168 commune
251 3075 522 3188 Thrandorum
538 3096 740 3166 auctoritas
757 3111 806 3166 et
833 3099 1019 3200 potentia,

47 3198 125 3268 viras
137 3201 242 3288 ejus,
272 3199 340 3290 qui
357 3211 511 3266 tantum
534 3179 734 3287 prudentia
761 3213 798 3266 et
820 3219 1044 3289 caprarum.
1142 3213 1145 3218 ·

15 3299 163 3387 opibus
181 3302 338 3388 valeret,
356 3299 516 3368 minime
530 3319 706 3388 superare
724 3297 874 3370 Thorer
893 3301 1020 3368 existi

50 3403 163 3490 mavit,
188 3401 353 3471 Olavum
385 3397 560 3468 emedio
586 3398 789 3487 tollere,
778 3422 820 3466 ιιι
851 3393 1020 3480 boreales

41 3499 273 3594 tegniparres
293 3500 482 3614 delatum,
509 3507 635 3589 neque
651 3499 879 3614 majoribus,
904 3507 1019 3589 quam
1095 3521 1099 3523 ·

51 3609 115 3668 tum
128 3603 298 3689 habebat,
322 3600 440 3690 copiis
460 3599 655 3689 stipatum,
677 3599 786 3692 siipsi
801 3615 888 3670 ante
900 3601 1018 3668 facul
1032 3652 1034 3656 »

53 3707 96 3764 tas
109 3721 181 3771 non
194 3703 298 3771 foret
317 3703 481 3770 oratum
497 3699 760 3806 interficiendi,
782 3701 883 3790 quod
897 3701 1018 3770 consi·
1052 3748 1057 3755 ·
1152 3738 1154 3750 v

15 3841 16 3846 ι
52 3794 267 3892 humrpseac
279 3795 463 3895 dynasta
452 3815 628 3887 rnrerant
649 3777 1019 3891 antequamThorer
1058 3884 1060 3888 ι
1089 3812 1093 3826 '
1144 3867 1148 3881 .

55 3901 631 3998 eNorvegraproxrmeprofectus
641 3917 746 3981 esset
773 3907 856 3972 lam
872 3923 1019 3990 smper

55 4016 257 4089 repererunt,
284 4019 328 4074 ut
341 4003 483 4072 incolas
499 4005 672 4089 laterent,
692 4025 812 4091 usque
830 4024 875 4068 eo
897 4001 1017 4068 donec

59 4093 117 4166 diei
131 4106 315 4192 cujusdam
330 4127 488 4195 vespere
500 4103 742 4196 Agdanesurn
752 4101 937 4187 subirent
950 4101 1018 4181 ubi
1072 4166 1077 4175 r

57 4211 146 4270 naves
159 4207 196 4276 in
210 4220 368 4301 portum
378 4206 658 4286 ‘constituerunt
676 4216 715 4272 et
734 4199 910 4273 tentoriis
929 4223 1019 4271 con·
1105 4267 1109 4278 ,
1187 4223 1208 4288 ’,

788 4294 821 4350 μ’

788 4377 790 4384 ,
984 4369 989 4378 ι
