2626 4678
138 365 140 376 ι
319 317 411 409 316
453 362 469 413 s
594 335 880 400 ιτα-..Ξ
986 328 989 336 “
1101 323 1232 399 cus.

860 421 864 432 .
1061 452 1070 492 Ι
1112 509 1116 526 ,

208 541 213 562 '
254 543 456 622 Vindlandi
476 542 639 640 periere,
666 527 1070 640 irmnisqtiepecunia,
1099 573 1183 642 quae
1204 550 1238 618 in

256 651 452 730 navierat3
481 647 634 734 lbaudus
650 669 739 714 vero
761 659 923 716 uxorem
940 669 1047 718 suam
1069 653 1241 720 etlilium

256 758 418 837 servatos
436 745 484 816 ad
501 747 688 836 praedium
705 747 894 851 AErvikam
917 747 1085 820 deduxit.
1128 751 1241 823 Thor·
1272 819 1273 824 ,

259 851 367 922 olvus
387 849 519 918 Strabo
536 847 844 937 possessionibus,
865 843 960 938 quae
981 851 1018 922 ei
1027 849 1111 920 hic
1130 865 1275 937 erant,
1272 893 1275 936 1,

182 964 190 1040 ἦ
257 952 432 1022 homines
454 948 602 1041 exiguae
623 947 814 1042 dignitatis
836 949 1071 1039 praefecerat,
1111 955 1275 1044 quibus

261 1050 439 1144 expulsis,
465 1049 635 1144 R6gnval
621 1047 720 1116 ldus'
725 1047 891 1116 fundum
908 1054 1130 1142 occupavit;
1161 1073 1275 1146 cog·
1272 1099 1275 1116 ι

180 1237 186 1249 Δ
254 1156 339 1244 nati
359 1151 438 1239 ejus
453 1148 582 1242 laetati
589 1163 691 1238 sunt,
722 1143 834 1239 quod
845 1174 904 1218 res
933 1173 1019 1220 suas
1044 1169 1083 1222 et
1107 1155 1275 1240 bonae

261 1272 368 1349 patre
386 1250 516 1320 relicta
534 1250 844 1340 recuperavisset.
877 1253 1141 1367 R6gnvaldus,
1167 1277 1245 1322 curn

260 1359 418 1426 boream
431 1373 557 1420 versus
578 1351 770 1420 AErvikam
792 1367 1028 1446 pervenerat,
1058 1355 1112 1423 ita
1140 1355 1275 1428 dixit

264 1455 499 1532 Thorolrum
525 1451 750 1520 Strabonem
772 1453 946 1522 libertati
975 1475 1016 1520 se
1044 1454 1275 1543 donavisse,

198 1649 200 1656 s
242 1553 511 1651 ,possessiones
529 1569 613 1622 suas
630 1574 698 1643 pro
720 1552 868 1624 diutino
886 1568 925 1622 et
939 1554 1045 1624 fideli
1064 1557 1247 1626 famulatu
1267 1569 1275 1648 ι

234 1739 235 1746 ¹
267 1660 338 1728 sibi
359 1655 579 1738 reddidisse,
613 1678 697 1744 quae
722 1655 853 1723 relatio
877 1656 1053 1724 omnibus
1072 1658 1153 1726 veri
1178 1679 1247 1726 esse
1269 1709 1275 1743 ι

267 1757 404 1830 similis·
429 1756 632 1840 sidebatur.
701 1755 927 1826 Incendium
945 1745 1140 1828 Thorolvi
1156 1759 1247 1828 fama

267 1863 344 1932 late
360 1857 542 1955 perlatum
561 1871 628 1947 est,
647 1879 762 1926 nemo
774 1880 863 1926 vero
879 1859 975 1925 scire
988 1858 1109 1926 sibi
1076 1880 1178 1934 visus
1190 1872 1246 1944 est,
1274 1909 1275 1947 3

264 1960 355 2054 ¹‚quis
381 1971 460 2028 auc
463 1979 506 2026 or
532 1969 640 2046 esset,
672 1978 799 2051 neque
822 1978 1052 2053 magnopere
1083 1960 1129 2039 de
1156 1985 1198 2030 ea
1215 1982 1275 2049 re,

267 2059 526 2158 perquisitum
519 2071 602 2146 ·,est
618 2083 706 2128 nam
725 2059 915 2154 Erl'rngus,
931 2059 1086 2128 filius
1053 2083 1149 2149 eJus,
1165 2081 1248 2153 puer
1272 2125 1275 2150 ἐ

269 2177 351 2232 erat
369 2172 504 2249 aetate,
518 2108 732 2231 Thdrolvus
756 2183 843 2252 vero
871 2159 1039 2230 insolens
1064 2175 1105 2230 et
1127 2183 1248 2232 avarus
1272 2159 1273 2171 ‘

176 2321 180 2328 .
260 2264 407 2351 dumet,
436 2261 527 2329 etob
539 2283 624 2329 eam
641 2255 797 2330 causam
806 2261 934 2330 miuus
950 2261 1053 2352 apud
1069 2265 1275 2375 populum

194 2364 197 2380 ⁸
271 2365 477 2464 gratiosum
516 2384 593 2474 quo
628 2361 803 2450 accessit,
840 2361 943 2452 quod
978 2363 1155 2453 plerique
1181 2363 1275 2472 ejus,

164 2519 167 2530 .
273 2487 352 2534 carr
369 2484 585 2532 amrcrcum
605 2483 650 2530 eo
675 2461 718 2531 in
740 2462 818 2531 aede
845 2479 1078 2532 concremati
1098 2464 1275 2558 lucranti

275 2566 375 2637 Cum
392 2584 480 2632 vero
493 2563 733 2656 R6gnvaldus
750 2562 947 2654 paulisper
965 2585 1005 2632 se
1022 2564 1129 2634 domi
1145 2561 1248 2636 AErvi-

271 2669 331 2752 lrae
357 2663 611 2753 continuerat,
650 2663 873 2741 Gunnarem
901 2663 1028 2739 filium
1059 2686 1187 2734 secum
1211 2659 1249 2731 ad

273 2791 379 2838 mare
403 2764 567 2853 dedunt,
607 2765 784 2879 exiguam
802 2763 1003 2854 scapham
1010 2765 1248 2857 compararit,

171 2913 173 2918 ·
276 2867 425 2980 deinde,
444 2880 566 2934 sumto
583 2865 717 2980 majori
732 2865 894 2962 navigio,
919 2866 1105 2957 scapham
1115 2865 1249 2959 longius

90 2965 92 2976 '
205 2995 216 3002 ·
276 2991 319 3036 ιιι
332 2951 456 3039 altum
471 2967 688 3080 provexit3
687 2980 772 3035 turn
787 2979 960 3039 sumtum
975 2989 1142 3058 puerum
1155 2980 1250 3035 costis

158 3113 164 3126 2
198 3141 199 3146 ,
248 3072 250 3076 ’
275 3068 418 3163 navigii
442 3067 595 3137 minoris
617 3067 793 3161 illigavit,
821 3065 959 3138 deinde
980 3079 1185 3137 ventorum
1205 3087 1250 3132 ar·

275 3170 391 3239 bitrio
408 3167 589 3259 permisit,
606 3169 695 3258 ipse
717 3191 807 3244 vero
826 3166 873 3236 ad
891 3159 1036 3238 terram
1053 3141 1247 3260 remigant.

218 3262 220 3268 ἲ
278 3269 424 3370 Sigrida
442 3267 488 3336 de
505 3269 582 3353 ejus
594 3269 829 3362 profectione
846 3265 1030 3360 quaesivit,
1060 3270 1196 3360 quidve
1214 3265 1250 3333 de

149 3451 152 3460 q
275 3394 399 3468 puero
419 3365 577 3438 fecisset.
631 3370 719 3458 Ille,
741 3391 782 3438 se
805 3391 884 3438 non
894 3385 1125 3460 aperturum
1146 3369 1248 3460 plura,

178 3495 181 3510 ⁴
279 3471 386 3557 dixit,
408 3493 531 3562 *quam
545 3491 712 3568 puerum
734 3484 812 3538 nort
830 3468 1037 3560 dicturum,
1064 3469 1149 3562 quis
1169 3473 1249 3537 sna

277 3573 419 3642 bonem
436 3570 478 3638 in
502 3570 577 3638 aede
594 3571 928 3658 concremavisset,
975 3572 1129 3642 Deinde
1144 3575 1249 3660 Regn-

278 3671 444 3748 valdus
434 3693 476 3740 tn
500 3671 639 3786 praedio
661 3693 731 3740 suo
752 3670 898 3742 AErvika
915 3695 955 3741 se
973 3673 1199 3756 continebat,
1219 3677 1248 3732 et

167 3769 169 3784 '
279 3773 340 3842 vir
356 3791 522 3866 magnus
532 3772 766 3840 existimatus
784 3787 849 3840 est.
877 3776 965 3846 Hoc
981 3797 1071 3842 vero
1091 3773 1137 3842 de
1148 3786 1246 3862 puero

279 3869 537 3960 referendum,
555 3867 666 3963 quod
670 3869 826 3988 scapha,
836 3895 911 3962 qua
923 3865 1245 3960 vehebatur,rento

282 3989 322 4045 et
348 3986 442 4040 aestu
465 3973 656 4042 maritimo
677 3973 846 4060 incitata,
873 3973 1031 4044 tandem
1048 3974 1094 4042 ad
1108 3971 1246 4042 insulam

221 4081 246 4116 ἰ
282 4071 475 4168 quandam
491 4053 645 4164 depulsa
666 4087 742 4142 est:
786 4075 1029 4167 Rdgnvaldus
1050 4099 1130 4144 rem
1144 4067 1244 4140 itain·

284 4175 475 4266 stituerat,
499 4186 556 4263 ut,
581 4177 750 4276 quamvis
765 4173 954 4270 deligatus
973 4175 1245 4264 adnavernpues
