2628 4678
663 414 937 451 ''¹¹¹¹''-
1117 415 1153 476 C.
1176 414 1288 482 97-98

665 461 937 481 ι-ι--ι-ι-ι-μι-ιο

208 671 210 678 ,
254 711 260 722 Ι
309 623 353 692 in
369 620 545 739 praelium
569 621 743 692 adversus
764 619 1005 694 Finnleikum
1035 623 1293 716 processitat·

311 749 436 815 que
402 711 557 792 vic'tonia
574 724 718 814 potitus
735 736 803 810 est,
816 725 943 794 coloni
961 749 1051 796 vero
1065 725 1220 798 heredia
1238 741 1294 796 su'a

283 881 285 888 .
310 826 353 894 in
372 825 559 917 Ockneyis
587 837 826 916 receperunt

339 927 574 1016 Congressus
592 926 694 1016 regis
714 925 836 993 Olavi
845 924 884 991 et
902 925 1064 1017 Sigurdi
1087 929 1274 1020 dynastae

365 1017 454 1116 Cap
474 1032 524 1096 98.
552 1027 633 1096 Rex
652 1024 791 1098 Olavus
799 1025 997 1127 Tryggvii
1017 1025 1142 1115 filius,
1171 1030 1218 1098 ab
1244 1052 1294 1096 oc

311 1125 464 1195 cidente
482 1147 572 1195 cum
594 1125 711 1216 copiis
731 1117 846 1193 classe
863 1123 1076 1216 profectus,
1112 1129 1294 1220 Orkueyas

310 1225 482 1318 petebat,
513 1237 558 1296 ut
581 1241 707 1314 supra
718 1240 1060 1298 commemoratum
1080 1244 1146 1305 est.
1211 1229 1293 1298 Cum

211 1349 216 1356 ’
311 1349 400 1402 vero
423 1328 527 1396 sinus
543 1325 784 1396 Petlaudicus
802 1315 1067 1438 innavigabilis
1090 1344 1211 1417 esset,
1242 1352 1293 1400 na-

207 1413 212 1434 ‘
258 1491 267 1498 ,
310 1449 375 1496 ves
399 1450 483 1496 suas
508 1426 553 1496 ad
576 1425 928 1520 Regnvaldseyam
919 1448 960 1516 ln
988 1443 1145 1543 portum
1173 1429 1294 1500 consti·

311 1528 388 1597 tuit
404 1530 444 1596 in
469 1528 819 1618 Asmundarvogo¹.
886 1528 997 1598 Hoc
987 1551 1027 1596 ln
1044 1529 1132 1602 sinu
1150 1531 1293 1624 dynasta

313 1628 497 1722 Sigurdus
517 1623 717 1704 Hlddveris
735 1628 847 1713 filine,
867 1639 965 1696 una²
979 1651 1076 1698 nave
1093 1633 1210 1747 longa
1226 1655 1294 1700 vec-

202 1815 207 1827 *
312 1742 386 1818 tus,
411 1729 457 1802 ad
473 1751 628 1798 ancoras
649 1728 773 1816 stetit,
808 1727 849 1800 in
870 1731 1101 1806 Katanesum·
1127 1735 1294 1820 trajectu·

311 1853 389 1903 rus.
455 1831 531 1900 Ut
536 1829 707 1922 primum
743 1851 834 1897 vero
866 1828 1043 1899 rescivit·
1054 1854 1122 1902 rex
1156 1835 1291 1917 Olavus,

312 1932 440 2000 adesse
455 1930 508 2014 ibi
532 1930 728 2021 dynastam
749 1930 974 2028 sigurdum,
1006 1929 1147 2004 hunc
1135 1957 1180 2003 m
1195 1935 1293 2002 collo·

199 2068 202 2078 π
313 2033 449 2122 quium
466 2032 613 2100 excivit.
655 2033 738 2124 ⁸Qui
754 2031 854 2102 utin
871 2053 1006 2100 navem
1029 2035 1176 2130 regiam
1194 2033 1291 2120 venit,

252 2142 256 2148 '
313 2156 381 2224 rex
400 2133 539 2203 Olavus
557 2133 609 2202 sic
623 2131 750 2202 dicere
769 2143 967 2224 orsusest:
984 2136 1122 2203 notum
1138 2135 1210 2204 tibi
1226 2155 1303 2200 esse

315 2232 440 2320 crede,
458 2231 617 2325 dynasta
633 2233 804 2330 Sigmdp,
817 2223 917 2324 quod
933 2254 999 2299 rex
1013 2235 1206 2305 Haraldus
1218 2191 1303 2322 Pul-l

315 2333 524 2420 ennomus,
561 2357 648 2424 cum
667 2348 755 2404 ante
779 2346 897 2404 totam
916 2335 1146 2428 Norvegiam
1163 2333 1292 2433 ¹ditioni

314 2456 391 2506 suae
412 2433 646 2523 subjecerat,
650 2489 652 2496 ,
674 2435 888 2518 exereitum
913 2433 1154 2504 occidentem
1170 2455 1302 2504 ,νετευε

10 2604 13 2612 ,
103 2523 106 2534 ’
314 2557 508 2625 permane
529 2535 764 2620 transduxit
790 2533 853 2604 hm
871 2533 1245 2630 s1b1tumOrkneyas
1262 2547 1291 2600 et

53 2661 56 2676 ¹
311 2637 364 2722 Hj
369 2634 590 2704 altlendiam
609 2637 828 2728 multasque
852 2633 947 2704 his
924 2656 978 2700 m
994 2635 1106 2708 terris
1131 2636 1289 2729 ditiqpes,

314 2737 371 2809 ab
380 2735 606 2816 occidentali
621 2752 729 2826 parte
749 2733 882 2824 maris,
907 2733 1094 2821 subjecit,
1130 2719 1254 2806 idem
1246 2758 1290 2802 ιη-

314 2835 412 2906 sulas
433 2821 659 2928 (Orkneyas)
679 2849 719 2904 et
740 2834 1014 2919 Hjaltlandiam
1032 2835 1199 2930 dynastae
1224 2857 1301 2920 suo,

210 2933 213 2945 ’
313 2929 769 3034 RdgnvaldoPotenti‚
758 2960 800 3008 m
825 2933 1083 3027 expiationem
1104 2935 1287 3018 necisfilii‚

313 3037 440 3127 dedit,
471 3037 716 3130 Rdgnvaldus
738 3061 846 3108 vero
852 3035 956 3115 dedit
979 3035 1166 3129 Sigurdo
1201 3029 1286 3108 drat'
1253 3051 1289 3101 tn

238 3155 243 3162 ‘
287 3138 291 3142 ’
316 3161 400 3227 suo,
425 3137 591 3230 quitum
613 3137 769 3230 dynasta
794 3139 915 3208 factus
942 3150 999 3206 est
1025 3138 1123 3234 regis
1138 3119 1300 3212 Haraldi

314 3239 460 3322 Iterum
477 3261 551 3321 rex
575 3238 762 3311 Haraldus
797 3239 876 3307 huc
905 3238 1146 3309 occidentem
1181 3259 1288 3307 versus

315 3339 493 3411 adversus
511 3339 691 3416 Einarem
716 3340 921 3434 dynastam
940 3340 1066 3428 copias
1091 3340 1189 3410 bene
1205 3357 1290 3427 mag·

316 3463 395 3512 nas
392 3441 526 3520 duxit;
551 3456 636 3524 tpm
655 3441 741 3529 viris
764 3438 981 3510 benevolis
972 3457 1074 3514 tuter
1085 3464 1216 3538 regem
1230 3443 1299 3514 Ha

316 3564 358 3614 ra
360 3542 467 3612 ldum
495 3555 534 3611 et
555 3541 738 3617 Einarem
755 3539 1091 3654 intercedentibus,
1114 3564 1241 3632 pacem
1256 3560 1299 3630 eat

299 3637 403 3733 'lege
429 3643 626 3729 fecerunt,
663 3655 713 3722 ut.
730 3665 796 3710 rex
828 3641 1023 3709 universas
1049 3644 1194 3736 Orkne)
1193 3667 1236 3712 'as
1258 3651 1285 3706 et
1275 3631 1299 3717 ti

317 3743 591 3837 Hjaltlandiam
608 3765 682 3821 suee
703 3742 768 3814 dtt'
745 3743 840 3834 ttoni
860 3742 1092 3827 uindicarem
1129 3746 1182 3823 tei
1209 3743 1288 3811 inter

281 3903 285 3908 .
320 3863 382 3913 eos
403 3869 433 3914 ιε
451 3844 684 3932 fintenum,
725 3859 768 3912 ut
794 3844 1073 3935 dynastaregi
1115 3840 1298 3946 procede]

239 3987 242 3996 ·
317 3945 513 4014 Halfdanis
535 3945 755 4029 Alticruris,
786 3943 856 4020 filii
884 3945 986 4032 ejus,
1019 3960 1211 4038 sexaginta
1223 3960 1285 4009 aun

215 4070 219 4080 ¹
267 4045 269 4050 ’
319 4046 473 4118 selibras
488 4046 694 4130 uenderet
719 4045 897 4134 idemque
912 4045 979 4112 has
996 4059 1131 4132 terras
1153 4043 1285 4114 nomine

321 4169 417 4240 regis
439 4148 610 4235 tumidi,
642 4146 855 4218 fiduciariae
871 4159 1030 4214 teneret.
1104 4149 1297 4240 Aliquantop

496 4241 501 4250 .
1114 4253 1119 4263 a

366 4289 375 4316 ¹
384 4309 396 4343 ,v
419 4297 514 4328 nuiueu
534 4281 605 4330 siuns
623 4279 695 4328 abest
714 4280 738 4328 in
758 4281 788 4329 B.
832 4265 863 4342 7’)
884 4275 976 4341 uibus,
996 4280 1025 4327 F.

798 4347 811 4369 S
