2634 4682
326 353 334 388 l

20 407 128 481 troc.
382 407 665 448 ··········
748 427 753 443 ·
854 385 948 482 185

353 559 358 587 l
377 573 383 585 ι

23 639 178 696 manum
195 625 376 708 superare
386 612 485 684 mihi
503 613 673 705 videtur,
699 631 813 708 quarn
824 607 1012 712 ¹gloriosus·

23 725 71 796 sit
93 724 179 811 ille,
211 719 277 788 cui
299 718 401 786 tales.
417 729 573 808 tamque
594 717 726 785 eximii
751 721 881 812 angeli
898 721 1012 790 mini·
1116 709 1120 721 ’

25 837 154 893 strant.
178 865 185 884 ι
209 815 514 911 Thangbrandus
535 817 755 908 respondet:
783 834 887 889 certe
904 823 1013 892 'sanc-

25 937 85 994 tus
112 921 270 1016 spiritus
283 933 322 986 te
344 916 543 991 ethnicum
563 915 761 987 hominem
779 921 849 990 tali
870 921 1024 1010 intelli„

28 1023 154 1120 gentia
170 1017 324 1090 imbuit.
379 1017 478 1086 Cum
495 1039 585 1088 vero
606 1017 884 1108 paterfamilias
897 1037 936 1090 et
950 1023 1014 1092 do·
1064 1063 1074 1102 ·.
1156 1030 1188 1111 J

28 1123 176 1194 mestici
190 1139 350 1210 vespere
368 1117 664 1207 discubuissent,
690 1122 828 1190 Hallus
845 1121 892 1190 ad
907 1143 1013 1192 suos:
1031 1187 1035 1198 ,

29 1217 333 1316 Thangbrandus
360 1233 399 1287 et
423 1220 517 1288 socii
541 1219 622 1306 ejus
643 1219 742 1288 hanc
772 1221 891 1310 diem,
927 1247 1014 1337 quq

30 1347 105 1395 cras
124 1323 273 1410 veniet,
299 1320 511 1390 solemnem
529 1335 664 1413 agent,
687 1320 729 1390 in
743 1321 931 1392 honorem
946 1345 1015 1393 unt

30 1425 186 1496 deorum
199 1443 375 1504 suorum,
401 1443 506 1490 nunc
521 1421 627 1490 vobis
642 1422 880 1494 vacationem
899 1419 1015 1512 facio,

30 1540 71 1594 ut
86 1527 186 1594 hanc
203 1524 303 1592 diem
320 1519 457 1592 festam
475 1523 596 1614 agatis
612 1544 781 1592 unacum
793 1525 893 1610 illis;
916 1523 1017 1594 facta

29 1648 181 1718 quoque
199 1622 307 1693 nobis
328 1636 384 1692 est
408 1622 517 1712 copia
535 1621 758 1712 accedendi,
785 1623 1018 1717 videndique
1127 1615 1129 1623 '

33 1743 68 1796 et
92 1723 274 1795 audiendi
295 1722 425 1809 hujus·
438 1723 633 1815 religionis
658 1723 765 1792 ritus.
820 1729 938 1797 Mane
960 1747 1018 1792 se-

33 1840 172 1920 quente
186 1824 344 1912 Hallus,
372 1845 515 1892 cumse
527 1825 696 1892 vestibus
713 1824 911 1914 induerat,
932 1839 1018 1894 ten·

33 1929 175 1996 torium
193 1923 306 2018 adiit,
336 1937 379 1992 et
399 1947 489 1993 curn
506 1925 685 1993 omnibus
703 1923 921 1995 domesticis
934 1924 1020 1995 suis
1107 1917 1122 1964 ³

33 2043 135 2099 extra
153 2025 282 2110 stetit3
317 2024 385 2116 qui
407 2047 497 2094 cum
513 2025 689 2098 audirent
709 2026 876 2095 sonitum
891 2023 1020 2098 sistro·

35 2151 135 2218 rum,
162 2125 342 2196 audirent
363 2139 403 2194 et
418 2124 550 2196 dulces
567 2126 805 2196 cantantium
814 2127 1021 2198 hominum

34 2251 157 2319 voces,
181 2247 382 2318 nunquam
394 2227 501 2318 prius
517 2225 592 2299 sibi
606 2225 756 2319 audita,
782 2247 1021 2323 magnacap-

35 2331 64 2398 ti
81 2343 169 2400 sunt
187 2327 458 2418 admiratione,
489 2324 627 2416 majori
649 2349 738 2396 vero
761 2328 894 2418 etiam,
929 2349 1022 2397 cum
1101 2365 1107 2378 «

37 2429 134 2500 inter
158 2429 314 2500 missam
335 2427 542 2498 canendam
569 2429 727 2500 clericos
750 2429 927 2499 viderent
943 2428 1023 2498 exi·

38 2532 110 2600 mio
133 2531 244 2600 cultu
267 2541 443 2617 ornatoS,
470 2528 721 2622 candelasque
739 2529 849 2600 claris
863 2527 1024 2602 lumini·
1104 2533 1110 2542 '

38 2630 102 2701 bus
113 2633 305 2722 lucentes,
320 2628 658 2721 dulcissimumque
674 2628 1025 2702 animadverterent
1072 2705 1082 2714 ,

39 2731 154 2803 thuris
173 2732 341 2801 odorem.
406 2732 544 2801 Hallus
563 2730 725 2801 domum
748 2731 925 2822 veniens,
958 2730 1025 2826 ‘1⁰ss

39 2835 207 2903 mesticos'
225 2831 410 2925 quesivit,
438 2831 567 2922 quales
583 2831 673 2931 ipsis
690 2828 787 2903 ritus
798 2831 1024 2904 christiano·
1069 2821 1071 2832 ’
1199 2800 1209 2826 ’

40 2954 120 3002 rum
140 2933 345 3002 hominum
365 2932 610 3002 viderentur?
662 2933 926 3024 Respondent,
961 2932 1025 3002 ad·
1160 2975 1163 2982 ·

41 3035 191 3106 modum
199 3047 348 3104 tersum
363 3047 402 3102 et
416 3033 597 3124 pulcrum
605 3032 679 3102 sibi
691 3033 824 3122 videri,
841 3031 1026 3128 quicquid

42 3134 130 3203 ritus
156 3131 292 3204 eorum
317 3147 356 3202 et
373 3136 499 3203 cultus
524 3133 641 3204 divini
657 3131 1024 3204 animadvertissent.

43 3235 338 3330 Thangbrandus
362 3235 563 3328 presbyter
585 3233 740 3305 assiduis
756 3233 1025 3306 admonitioni·
1111 3309 1112 3312 Ἴ

43 3327 110 3405 bus*
129 3333 290 3424 Hallum
319 3336 498 3406 hortatus
533 3349 611 3424 est,
649 3348 695 3404 ut
727 3335 774 3406 ad
796 3358 921 3408 mores
937 3334 1028 3406 reli·

46 3435 160 3526 gionis
183 3437 393 3506 christianae
420 3459 460 3505 se
486 3447 737 3506 converteret.
801 3439 939 3509 Hallus
960 3436 1029 3506 ali.
1124 3450 1126 3453 ·
1227 3438 1230 3454 ’

46 3538 187 3626 quando
200 3538 529 3632 Thangbrandum
538 3539 727 3608 allocutus
739 3564 746 3605 :
760 3539 815 3608 ‘ita
829 3559 888 3608 res
897 3539 1027 3627 habet,
1055 3535 1066 3634 ‘-

46 3650 86 3702 ut
99 3635 181 3709 heic
200 3637 305 3708 dorni
326 3661 421 3707 meae
440 3637 620 3738 dum‘sint
634 3640 792 3726 vetulae,
833 3651 942 3708 aetate
964 3640 1029 3708 ad-

47 3738 195 3810 modum
209 3753 418 3829 provectae,
453 3739 559 3809 senio
579 3739 673 3808 adeo
690 3739 832 3809 debiles
854 3754 892 3809 et
905 3740 1043 3810 inibe·-

49 3835 158 3928 cillae,
192 3855 237 3908 ut
253 3841 401 3928 lectum
415 3861 617 3931 nunquam
633 3841 874 3932 relinquant,
900 3834 1029 3933 neque

52 3956 85 4004 se
96 3939 181 4030 ipsae
201 3963 356 4010 movere
374 3941 545 4025 valeant3
570 3940 651 4026 jam
666 3954 706 4010 te
722 3942 864 4026 jubebo
879 3944 1029 4012 vetulas

51 4034 247 4129 baptizare3
282 4056 321 4110 et
345 4040 377 4110 si
397 4054 483 4131 post
506 4042 742 4132 baptismum
770 4057 897 4114 motus
912 4033 1029 4136 paulo

19 4177 20 4184 κ
52 4133 185 4212 iacilior
204 4145 273 4212 aut
296 4143 536 4234 aliquantula
564 4137 761 4236 languoris
785 4143 923 4213 levatio
950 4143 1032 4215 illis
1125 4181 1131 4190 ·

56 4242 252 4338 contingat,
286 4265 413 4337 neque
433 4242 609 4362 pejus'se
629 4243 797 4314 habeant
819 4257 924 4316 tanta
946 4267 1031 4315 mo·
