2640 4682
38 319 265 456 Μ’
402 384 683 424 --·
922 379 984 472 cr

72 589 167 674 rimt3
184 583 409 700 Hafgrimus
425 583 647 673 etBjarnius
664 586 903 684 Svineyensis
911 591 1049 666 fratres

34 749 36 756 ,
71 687 182 755 statim
199 687 453 778 impugnant,
491 686 568 755 illis
586 710 625 755 se
642 688 796 759 fortiter
821 695 1045 768 tutantibus.

70 789 206 860 Brester
220 800 371 876 petram
394 785 639 875 defendebat,
668 787 743 880 qud
765 804 876 882 parte
901 816 1048 891 oppug-

69 903 150 958 natu
166 900 246 958 erat
260 884 434 976 facilior,
466 910 509 956 re
529 900 661 958 tamen
679 890 780 958 inter
797 914 865 960 eos
877 895 1047 964 tardiore

68 1010 229 1057 successu
253 1000 371 1080 gesta.
427 985 635 1072 Thrandus
651 1012 740 1060 cum
759 993 837 1060 suis
853 993 897 1062 in
912 994 1046 1065 littore

66 1087 289 1177 ambulabat,
316 1088 1045 1185 neque1mpugnatron1libenterrnter-
1133 1157 1137 1166 .

65 1189 138 1261 suit.
203 1194 309 1262 Tum
334 1188 578 1282 Hafgrimus:
611 1191 652 1258 id
672 1207 816 1282 tecum,
844 1195 1043 1267 Thrande!

63 1305 206 1383 pactum
218 1289 309 1378 inii,
336 1304 383 1359 ut
400 1311 513 1380 opem
531 1291 629 1361 mihi
641 1289 782 1382 ferres,
811 1308 851 1363 et
871 1294 957 1366 ideo
973 1297 1045 1367 tibi

63 1393 232 1509 pecunias
262 1388 360 1460 dedi.
425 1391 630 1464 Thrandus
654 1395 824 1485 reponit:
866 1409 911 1464 tu
934 1410 1042 1467 tanto

61 1493 309 1586 ignaviores,
344 1491 414 1584 qui
440 1489 534 1560 duos
553 1506 705 1564 tantum
723 1493 898 1564 homines
915 1495 1042 1574 debel·
1106 1559 1114 1578 ,

61 1595 129 1664 lare
149 1604 336 1691 nequeas,
372 1589 542 1684 quamvis
561 1595 619 1664 bis
644 1594 849 1667 duodecim
868 1597 959 1668 viris
977 1599 1042 1668 sti
1109 1589 1113 1610 ¹

62 1710 185 1786 patus,
222 1694 339 1785 atqu'e
362 1715 405 1762 ea
428 1687 500 1762 tibi
523 1709 580 1762 est
598 1695 850 1788 consvetudo,
877 1712 922 1766 ut
946 1685 1040 1768 alios

23 1833 24 1840 κ
60 1819 198 1888 semper
212 1817 283 1888 pro
304 1809 344 1864 te
358 1793 515 1884 objicias
537 1795 593 1888 ¹),
626 1797 709 1888 ipse
724 1819 815 1866 vero
831 1747 961 1868 dullus
980 1821 1041 1868 ac-

60 1898 180 1968 cedere
206 1895 343 1986 audes,
381 1895 503 1965 sicubi
533 1898 610 1965 vita
634 1897 756 1988 periei
742 1896 941 1967 litandum
960 1913 1038 1985 θεῖς

58 2012 157 2068 tuum
171 2010 355 2086 nuncest,
371 1997 401 2066 si
422 2020 495 2089 qua
509 1997 581 2068 tibi
595 1999 714 2067 virtus
731 1999 842 2091 in'est,
868 1997 1040 2091 primum
1076 2021 1080 2028 ·

58 2099 221 2169 adversus
240 2099 455 2168 Bresterem
472 2098 513 2167 in
526 2121 665 2190 rupem
688 2099 802 2189 eniti,
837 2099 973 2186 ceteris
998 2113 1039 2169 te
1116 2173 1119 2182 ,

56 2199 311 2291 sequentibus;
337 2198 509 2289 alioquin
523 2201 564 2268 'te
585 2199 632 2267 ad
643 2199 793 2268 nullam
806 2224 889 2270 rem
899 2201 1039 2272 utilem

55 2324 124 2370 esse
143 2323 292 2372 censeo.
356 2298 560 2373 Thrandus
588 2323 678 2368 eum
694 2303 955 2376 cummaxime
974 2325 1038 2371 ex·

54 2402 229 2474 hortatur.
285 2401 404 2488 Cujus
421 2399 765 2498 dictistHafgrimus
780 2402 837 2472 ira
845 2402 1037 2494 incensus,

35 2503 88 2572 =in
105 2526 242 2594 rupem
259 2503 384 2578 evolat
405 2500 451 2570 ad
470 2503 704 2590 Bresterem,
739 2526 907 2596 eumque
927 2504 1038 2574 hosta

53 2603 253 2676 transfodia
283 2605 476 2692 .Brester,
504 2624 543 2671 se
561 2603 668 2672 letali
684 2605 848 2673 vulnere
863 2603 1038 2697 petisen·

51 2706 157 2796 tiens,
184 2705 267 2798 ipse
282 2726 322 2774 se
338 2702 599 2788 ulcisci'vult5
634 2703 764 2795 itaque
784 2704 826 2774 in
849 2707 976 2775 talum
996 2697 1036 2776 se
1149 2731 1153 2748 ·
1227 2701 1230 2712 '

50 2825 178 2898 ruens,
220 2829 266 2874 eo
286 2807 415 2898 ‘usque
437 2804 704 2898 progreditur,
729 2805 865 2876 «donec
882 2804 1053 2900 Hafgria
1092 2833 1096 2840 ·

50 2927 148 2978 mum
163 2905 291 3002 gladio
309 2915 587 2998 assequeretur,
610 2907 720 2994 cujus
738 2906 932 2977 sinistram
943 2906 1036 2976 axil-
1081 2980 1084 2989 ,

50 3005 141 3077 lam
130 3024 182 3078 rta
203 3007 336 3097 feriit,
361 3020 407 3075 ut
423 3022 552 3078 totum
568 3005 668 3076 latus
686 3007 759 3076 ad
748 3031 873 3076 rmum
891 3006 1035 3076 abscin-

50 3106 167 3204 deret,
200 3113 262 3182 Ha
263 3107 504 3215 fgrimdsque
530 3107 713 3180 exanimis
730 3127 751 3176 e
767 3118 864 3199 rupe
884 3104 1035 3177 delabe-

48 3221 172 3302 retur,
184 3231 377 3310 superque
389 3209 504 3279 rllum
518 3190 680 3280 Brester.
733 3211 817 3280 Jam
830 3207 1035 3279 Beinerem
1075 3235 1078 3244 ’

48 3308 288 3406 impugnant,
321 3311 401 3381 ille
414 3331 506 3380 vero
528 3299 690 3380 stienue
718 3331 758 3378 se
776 3322 948 3404 tutatur,
986 3333 1033 3379 eo

46 3424 168 3482 tamen
183 3412 309 3502 exitu,
333 3425 378 3480 ut
391 3411 544 3482 caderet
560 3411 755 3502 vitamque
770 3417 955 3503 poneret'.
952 3411 1033 3480 sic

24 3503 190 3604 dicunt,
215 3515 428 3584 Bresterem
441 3526 627 3605 quatuor,
652 3513 855 3584 Beinerem
871 3510 1014 3582 duos
979 3534 1034 3580 vr·
1090 3522 1120 3590 'j

46 3631 101 3684 ros
111 3613 648 3706 Mentequam'occubuerint
681 3635 876 3684 necasse«
914 3611 1034 3684 Dein·
1092 3627 1098 3652 ¹

46 3735 125 3808 ceps
142 3715 347 3794 Thrandus
365 3735 525 3809 pueros,
541 3715 806 3809 sigmundum
826 3726 865 3785 et
887 3713 1034 3788 Theio-

45 3835 140 3912 rem,
165 3816 357 3887 interfici'
346 3816 468 3903 Jussit.
533 3815 707 3904 Bjarnius
733 3816 906 3908 reponit·
942 3828 1047 3885 veto·

45 3911 212 3990 interfici.
264 3919 309 3988 Id
326 3941 372 3987 eo
385 3917 507 4008 calet,
534 3915 764 3990 Thrandus
754 3917 894 4008 inquit,
910 3913 1033 4010 quod,

43 4017 160 4089 civita
176 4020 390 4109 donantur,
417 4017 496 4110 tui,
517 4017 665 4110 Bjarni!
693 4033 732 4089 et
745 4020 1029 4113 plerorumque

45 4178 307 4200 *—

49 4235 77 4306 ¹,)
92 4255 118 4294 at
132 4244 275 4313 rkotrpoem'
282 4281 290 4309 ,
310 4245 384 4315 scopi
400 4243 476 4310 loco,
487 4240 558 4295 aeli·
574 4239 704 4298 feriendos
713 4281 722 4310 ,
746 4241 850 4296 add-B·
869 4238 901 4296 C.
