2652 4678
357 335 419 422 68
648 348 922 412 Ε
970 289 973 294 ’
1053 325 1065 342 ’
1120 341 1311 414 (ιιι-34.

297 564 385 634 cisra
397 585 477 651 sua,
506 557 629 630 amica
650 579 814 628 munera
831 571 870 628 et
888 557 997 644 bona
1004 556 1118 630 verba
1132 559 1312 630 remisit.

298 663 434 759 Legati
459 672 714 746 revertentes,
751 657 1024 750 Gry'otgardum
1048 660 1312 749 conveniunt,

283 765 413 856 ,eique
441 759 580 842 eadem,
597 760 774 830 mandata
796 759 978 846 afferunt,
1016 760 1231 848 amicitiam
1265 775 1312 831 et

299 864 569 934 invitationem
584 861 684 954 regis
698 859 867 947 Haraldi,
889 859 1122 951 insuperque
1137 885 1199 932 res
1218 861 1312 930 exi-

298 965 376 1034 mie
405 963 596 1054 pretiosas.
654 959 888 1032 Profecturis
904 961 1152 1056 Grjotgardus
1173 985 1215 1032 se
1235 963 1312 1032 ad-

191 1091 194 1096 ·
299 1067 475 1156 futurum
501 1061 725 1154 pollicetur,
763 1059 902 1152 dieque
927 1074 1069 1130 statuta
1093 1062 1142 1132 ad
1162 1063 1311 1156 regern

206 1176 210 1185 '
301 1161 516 1238 Haraldum
532 1176 570 1231 et
580 1159 843 1232 Gunnhildam
850 1159 967 1248 venit,
980 1184 1001 1228 a
1012 1162 1148 1254 quibus
1155 1163 1308 1234 blande

305 1279 496 1354 exceptus,
510 1263 736 1335 amicissime
755 1275 940 1330 tractatur
959 1274 997 1330 et
1012 1263 1175 1332 consiliis
1194 1265 1310 1332 clan-

254 1399 262 1418 ·
304 1365 458 1434 destinis
482 1363 707 1446 adhibetur,
737 1361 998 1432 demonstrant
1019 1362 1076 1452 ei,
1112 1365 1309 1455 quamdiu

215 1483 220 1490 '
304 1491 396 1536 eum
412 1463 568 1558 dynasta
585 1461 628 1557 in
645 1463 805 1532 obscuro
821 1463 946 1552 jacere
968 1485 1098 1554 passus
1122 1465 1191 1551 sit;
1230 1467 1308 1560 sig-

304 1567 433 1638 nificat
454 1563 489 1639 ei
502 1587 590 1650 rex,
622 1563 655 1632 si
669 1562 823 1632 consilia
839 1585 929 1631 cum
946 1563 998 1632 eis
1014 1567 1307 1659 communicare

306 1668 413 1746 velit,
439 1687 529 1734 eum
546 1663 745 1756 dynastam
760 1685 873 1732 suum
892 1663 1078 1752 fututum,
1100 1680 1308 1755 totamque

312 1767 511 1852 ditionem,
526 1785 641 1855 qnam
651 1763 832 1856 Sigurdus
845 1763 1031 1853 habuerit,
1044 1780 1303 1836 retenturum.

304 1873 360 1941 Eo
386 1865 540 1934 tandem
566 1887 625 1932 res
650 1861 812 1934 deducta
838 1878 915 1950 est,
938 1877 993 1952 ut,
1026 1866 1171 1936 arcanis
1198 1868 1306 1935 initis

304 1966 525 2053 foederibus,
545 1965 646 2032 inter
663 1986 726 2033 eos
738 1964 971 2052 conveniret,
988 1978 1032 2032 ut
1049 1967 1314 2059 Gry'otgardus,

236 2129 241 2148 ,
304 2061 586 2158 speculaiorem
612 2077 785 2156 ageret,
797 2077 837 2134 et
853 2085 986 2166 regem
1006 2064 1150 2136 faceret
1166 2067 1306 2135 certio-

305 2192 422 2282 rem,
436 2188 511 2255 quo
525 2180 697 2254 tempore
714 2164 870 2257 dynasta
894 2167 1224 2258 opportunissime
1239 2189 1304 2281 op-

309 2267 425 2360 primi
440 2279 577 2355 posset.
626 2267 714 2370 Quo
729 2263 839 2353 sa‘cto,
866 2265 1126 2360 Gry'otgardus,
1153 2265 1304 2338 eximiis

308 2371 355 2439 ab
368 2389 463 2462 rege
482 2354 641 2449 donatus
660 2363 900 2453 muneribus,
927 2366 1085 2440 domum
1102 2368 1229 2442 rediit
1314 2365 1315 2400 ³

346 2467 453 2582 '0³P·
471 2474 523 2538 34
548 2469 632 2536 Hoc
648 2480 835 2535 autumno
851 2465 1033 2558 Sigurdus
1047 2468 1222 2585 dynasta,
1235 2489 1303 2560 per

309 2569 492 2639 interiora
507 2566 549 2633 in
562 2565 814 2652 Stjoradalum
831 2568 1040 2656 profectus,
1053 2569 1237 2638 conviviis
1251 2566 1303 2636 ibi

309 2667 506 2754 interfuit,
537 2665 672 2734 deinde
696 2689 767 2758 per
786 2667 977 2737 exteriora
993 2657 1130 2761 Oglam
1147 2683 1303 2740 conten-

313 2767 379 2854 dit,
397 2766 465 2836 ubi
480 2767 647 2838 convivio
662 2767 910 2855 exciperetur.
964 2768 1223 2840 Consueverat
1240 2768 1302 2857 dy-

312 2883 439 2958 nasta,
463 2866 556 2936 dum
574 2865 724 2960 regibus
739 2866 864 2935 miuus
881 2868 1074 2958 credebat,
1108 2866 1300 2961 frequenti

274 3029 279 3040 .
314 2970 498 3040 comitatu
513 2965 701 3036 secircum
713 2967 869 3057 stipare;
891 2979 995 3036 nunc
1010 2993 1112 3058 vero,
1130 2969 1234 3062 quod
1245 2988 1299 3036 res

312 3070 362 3139 ad
377 3067 587 3137 amicitiam
600 3081 813 3158 spectantes
828 3090 953 3158 nuper
966 3070 1070 3139 inter
1087 3096 1178 3140 eum
1192 3084 1232 3138 et
1246 3091 1299 3136 re·

312 3192 400 3268 gem
409 3166 649 3240 Haraldum
637 3187 694 3237 mt
698 3183 940 3257 ercesserant,
946 3191 1026 3240 non
1042 3193 1226 3263 magnum
1236 3170 1299 3236 ho·

312 3268 945 3378 minumnumerumsecumduxit.
960 3269 1297 3364 JamGriotgardus

311 3390 448 3478 regem
466 3337 677 3439 Haraldum
693 3368 894 3438 certiorem
910 3369 1012 3464 fecit,
1026 3393 1104 3441 non
1119 3373 1192 3442 alio
1206 3383 1296 3436 tem-

312 3492 408 3564 pore
427 3467 724 3538 commodiorem
742 3467 872 3538 adfore
886 3473 1139 3554 occasionem,
1171 3469 1296 3562 dynas-

313 3585 394 3648 tam
429 3567 688 3660 opprimendi,
736 3591 854 3662 quare
875 3573 1018 3644 starum
1034 3572 1167 3642 eadem
1189 3580 1294 3640 nocte

313 3691 423 3762 reges
438 3669 626 3740 Haraldus
645 3683 684 3736 et
697 3670 907 3758 Erlendus,
939 3688 1103 3762 quatuor
1120 3671 1220 3742 ¹vecti
1237 3689 1292 3734 na-

314 3771 434 3856 vibus,
456 3791 595 3862 magno
620 3770 792 3838 exercitu
812 3771 1017 3858 instructis,
1039 3796 1109 3864 per
1122 3769 1294 3840 interiora

316 3871 420 3938 sinus
436 3871 768 3958 Thrandheimici,
800 3871 979 3941 stellante
993 3888 1127 3987 nocte,
1154 3868 1291 3958 naviga·

315 3981 466 4040 verunt.
519 3971 604 4060 Hic,
628 3994 718 4039 cum
739 3994 777 4038 se
804 3969 1107 4072 Grjotgardus
1076 3998 1127 4041 ers
1146 3971 1291 4055 conjun-

315 4074 450 4158 xisset,
482 4071 631 4140 multa
619 4094 699 4184 yam
715 4085 825 4138 nocte
846 4061 921 4162 631
923 4096 1004 4160 am,
1038 4074 1105 4142 ubi
1123 4064 1290 4163 Sigurdus

317 4170 473 4266 dynasta
489 4172 658 4240 convivio
673 4147 875 4306 intererat,
886 4183 1157 4294 pervenerunt,
1171 4170 1287 4262 ignem
