2680 4678
373 364 467 450 290
519 391 523 396 ·
662 333 938 440 ””.....···-.·..-·.....’.
1189 375 1283 446 ιιιιι

305 585 465 660 ferebat
519 583 621 658 Tum
630 577 784 658 Eiriltus
802 594 968 676 satrapa.
988 581 1131 658 eximia
1145 583 1287 659 haecna·

305 691 361 756 vis
378 687 514 761 decora
530 701 645 776 atqua
661 684 776 777 digna
794 699 851 754 est
869 684 937 753 tali
937 707 1062 780 rege,
1096 690 1217 780 qualis
1242 703 1288 758 est

291 775 449 901 Olavus
473 777 661 880 Tryggvii
683 785 805 876 silius,
841 783 986 878 dequo
1012 809 1104 856 vere
1124 789 1288 880 pradica-

291 861 393 977 tur,
409 910 500 956 eum
514 900 668 954 tantum
678 885 760 955 alus
770 885 930 982 reglbus
930 889 1177 979 antecellere,
1187 913 1288 992 quan

230 1009 233 1015 ·
306 1003 392 1062 tunt
405 989 568 1080 Serpens
584 987 741 1084 Longus
758 985 847 1056 aliis
858 987 1017 1057 navibus
1033 1003 1202 1079 praestet.

567 1151 754 1252 Pugna
778 1157 993 1231 Sviildrica.
1042 1179 1053 1188 ⁸

240 1372 245 1383 Ι
317 1367 320 1376 Ι
412 1287 502 1386 Cap
519 1293 639 1370 249
631 1287 758 1364 Cum
762 1292 986 1408 Sigvaldius
1003 1294 1164 1388 Satrapa
1183 1293 1289 1368 acsui

191 1431 195 1440 ¹
308 1377 400 1466 tela
410 1388 642 1480 demiserant
658 1409 700 1462 et
714 1416 827 1462 naves
845 1393 894 1462 ad
910 1395 1075 1464 insulam
1088 1398 1288 1490 remispro·

233 1491 241 1514 ⁸
307 1497 523 1610 pellebant,
552 1493 738 1570 Thorkell
749 1495 904 1608 Dydrill
921 1495 1056 1564 ductor
1074 1497 1205 1587 Gruis,
1220 1499 1288 1568 alii-

261 1597 265 1604 ’
307 1621 384 1688 que
405 1597 569 1698 pavium
586 1611 773 1686 rectoreS,
820 1596 888 1686 qui
913 1619 1003 1666 eum
1029 1601 1287 1769 sequebantur,

309 1715 441 1766 cum
406 1683 594 1770 tiderent
609 1711 801 1798 satrapam
822 1719 936 1766 naves
959 1719 1044 1766 suas
1063 1697 1148 1767 ad
1130 1703 1239 1769 msul
1239 1726 1290 1770 am

309 1797 577 1914 deflectere,
565 1797 640 1888 ipsi
665 1819 837 1890 quoque,
861 1791 1178 1889 dem1ss1svel1s,
1214 1825 1291 1870 eum

307 1891 472 1991 remigio
489 1898 681 1970 subsecuti
695 1901 794 1968 sun't.
857 1897 1044 1971 Thorkell
1062 1899 1291 1994 Sigvaldium

309 2013 502 2094 satrapam
519 1998 746 2100 inclamans,
772 1997 927 2092 quaerit,
957 2021 1028 2067 cur
1042 2022 1124 2071 non
1143 1999 1228 2072 vela
1241 2003 1290 2071 da·

229 2107 231 2124 ¹
307 2097 393 2174 tet?
444 2095 602 2190 Satrapa
619 2091 805 2188 ostendit,
831 2122 871 2168 se
893 2097 1102 2170 adventum
1118 2104 1290 2196 regisex·

267 2266 270 2274 ,
306 2215 482 2293 spectare
506 2196 644 2271 velle:
644 2224 754 2269 vero
778 2199 881 2268 enim
903 2199 1028 2268 simile
1051 2213 1130 2292 est,
1162 2204 1290 2296 inquit,

272 2292 307 2326 ²
307 2324 378 2372 nos
405 2302 453 2372 ab
475 2301 653 2372 hostibus
676 2301 952 2371 circumventos
979 2323 1069 2370 esse.
1137 2307 1292 2376 Navium

268 2391 319 2495 μ’
306 2403 435 2502 igitur
454 2424 613 2472 cursum
629 2401 795 2489 sistunt,
831 2398 952 2472 donec
976 2403 1168 2473 Thorkell
1190 2405 1291 2492 Nesia

273 2523 398 2575 .cum
418 2503 603 2602 Serpeate
564 2502 732 2576 brevi
747 2503 913 2592 adesset
952 2515 991 2569 et
1019 2519 1189 2594 quatuor
1213 2529 1292 2575 eum

309 2597 500 2674 comitatae
518 2623 652 2692 naves,
679 2594 921 2698 quibuscum
935 2601 1069 2672 eadem
1084 2627 1147 2674 res
1166 2622 1226 2674 est
1243 2631 1291 2675 ra

298 2699 404 2802 iata,
432 2705 550 2774 etiam
564 2694 644 2794 illi,
668 2701 761 2774 velis
779 2702 1003 2790 contractis,
1034 2701 1199 2776 navium
1218 2731 1292 2778 cur·

195 2831 196 2840 ¹
302 2827 399 2894 ⁸sum
420 2801 622 2894 inhibent,
659 2802 865 2876 adventum
886 2803 994 2873 Olavi
1016 2804 1121 2900 regis
1147 2831 1291 2902 exspec-

240 2929 243 2942 ·
304 2920 442 2993 tantas.
508 2903 645 2976 Classis
664 2920 793 2974 autem
806 2925 942 2998 regum
961 2903 1291 3024 (adversariarum)

307 3006 351 3104 in
369 3005 553 3078 interiore
578 3018 696 3098 portu
716 3008 858 3094 stabat,
886 3029 1005 3120 quate
1024 3009 1200 3120 coaspici
1224 3035 1290 3080 non

280 3196 285 3200 .
309 3107 456 3200 potuit,
481 3109 649 3200 quantus
663 3104 760 3186 esset
773 3103 976 3176 hostium
960 3107 1164 3178 exercitus.
1203 3111 1290 3182 Cum

225 3263 228 3277 .
299 3223 464 3313 ⁸autem
459 3231 526 3278 rex
544 3209 683 3278 Olavus
700 3232 746 3277 ex
766 3197 949 3280 interiore
970 3205 1109 3300 sinu*)
1129 3209 1210 3281 ad
1199 3233 1292 3282 msu

308 3308 389 3382 lam
408 3305 624 3402 navigaret,
653 3300 790 3384 videns
814 3328 903 3377 suos
925 3306 1095 3378 demissis
1123 3311 1220 3383 velis
1239 3312 1292 3381 ad-

273 3432 276 3438 ·
308 3422 470 3480 ventum
486 3431 600 3479 suum
618 3425 858 3508 exspectate,
883 3431 1021 3478 navem
1037 3433 1060 3479 a
1071 3411 1210 3504 latere,
1228 3436 1292 3506 qua

204 3539 206 3546 ·
274 3512 288 3541 '¹
309 3509 477 3602 spirabat
496 3524 662 3601 ventus,
676 3497 845 3598 direxit,
873 3517 1290 3628 eosqu⁰¹¹Jle¹⁸r⁰gffl¹t

236 3642 239 3650 ’
299 3611 687 3706 ιιιιιιιι1ιιιιιίςιιιειιις
713 3609 773 3680 illi
797 3611 968 3682 indicant
985 3609 1089 3706 regi,
1115 3615 1293 3686 hostilem

204 3709 206 3714 ’
310 3713 522 3793 examitum
542 3713 619 3781 illis
632 3711 804 3780 insidiari
813 3724 1050 3805 ,roganteS,
1076 3729 1123 3786 ut
1138 3715 1232 3812 fuga
1246 3741 1292 3788 sa·

187 3822 199 3832 '
307 3807 383 3885 luti
404 3811 538 3882 consul
541 3826 631 3882 e.ret
687 3815 882 3909 Quacum
901 3812 1103 3904 afferrent,
1129 3842 1199 3888 rex
1221 3842 1291 3890 sur·

195 3961 227 3988 „
309 3933 403 4005 gens
413 3915 570 3987 celsam
582 3934 724 4005 ΡιιΡΡι
742 3935 818 3984 su1s
831 3913 1021 4004 loquitur
1041 3917 1175 3989 velum
1185 3941 1290 4012 quam

310 4007 493 4113 ¹citissime
499 4011 721 4108 demittite,
749 4013 815 4140 alii
826 4036 953 4090 remos
971 4015 1018 4086 ab
1034 4017 1220 4134 lateribus
1237 4039 1289 4090 ex·

231 4160 234 4168 ¹
309 4156 581 4188 *nuum-¹-

648 4185 651 4196 ι

277 4319 280 4324 ,
309 4241 552 4340 *)abaustra,B.
639 4271 642 4286 ι
696 4252 698 4262 ’
