2628 4678
954 495 993 506 ,-
1071 415 1256 496 eructu.

278 629 334 704 Ut
370 652 459 701 vero
482 623 628 698 incolae'
651 612 879 693 continentis
912 624 1261 718 animadverterunt,

279 733 419 802 insulas
433 728 479 798 ab
494 725 715 796 hominibus
731 739 957 814 occupatas,
981 726 1162 828 arbitrati,
1177 753 1307 828 praa

282 832 396 900 dones
428 851 522 914 esse,
561 847 695 918 pecora
719 847 788 894 sua
812 823 1028 913 abacturoS,
1075 813 1307 898 Hakonern

282 931 477 1022 dynastam
503 925 690 1011 adierunt,
716 938 927 1015 querentes,
949 947 1130 1021 magnam
1144 930 1266 999 multi·

214 1025 217 1035 '
278 1030 455 1100 tudinem
473 1026 733 1096 maleficorum
750 1038 788 1091 et
803 1026 986 1093 exulum
976 1051 1016 1096 ιιι
1041 1027 1173 1101 insulis
1194 1029 1262 1099 Sel·

105 1141 109 1156 ‘
174 1205 180 1229 ¹
228 1161 233 1178 .
280 1136 316 1221 ja
333 1144 371 1197 et
387 1129 509 1198 Kinna
529 1149 623 1213 esse,
652 1125 718 1215 qui
735 1123 1196 1200 continentis'incolarum
1208 1153 1265 1221 pe·
1307 1169 1308 1176 ι

220 1273 221 1280 ι
282 1230 434 1298 caribus
456 1249 639 1324 magnum
669 1225 940 1294 detrimentum
962 1227 1135 1314 afferant5
1160 1245 1268 1322 quare

258 1353 260 1360 ·
280 1353 319 1400 se
340 1331 386 1399 ab
405 1353 448 1398 eo
464 1345 604 1421 petere,
623 1342 666 1394 ut
677 1347 818 1419 ‘magna
833 1347 924 1394 curn
940 1351 1057 1398 manu
1074 1329 1267 1422 profectus,
1307 1373 1308 1376 =

260 1425 496 1524 praedones,
522 1427 648 1520 quiin
663 1424 794 1496 insulis
810 1425 902 1513 sint,
925 1430 1132 1521 opprimat.
1198 1435 1268 1502 Ho-

282 1555 370 1602 rum
393 1530 569 1622 precibus
598 1525 776 1596 inductus
806 1525 976 1618 dynasta,
1010 1533 1158 1622 magnis
1189 1554 1270 1602 cum

189 1663 192 1674 ·
219 1697 220 1704 ,
283 1631 416 1723 copiis,
445 1627 617 1719 quasi’ad
638 1626 818 1719 proelium
836 1627 1049 1720 instructis,
1076 1632 1118 1700 in
1134 1631 1268 1702 insulas

178 1772 202 1787 -ι
283 1730 489 1801 contendit.
542 1728 729 1812 Homines
742 1747 829 1814 vero
850 1727 918 1798 deo
936 1730 1032 1815 cari,
1066 1733 1134 1822 qui
1159 1733 1271 1802 inin·
1308 1778 1309 1782 =

281 1832 372 1902 suhs
385 1845 516 1918 erant
534 1828 659 1898 hostes
676 1827 916 1897 advenientes
935 1833 1159 1924 conspicati,
1188 1855 1272 1902 cum
1308 1915 1309 1919 Ἰ

223 1921 226 1940 '
281 1957 319 2002 se
345 1932 425 2023 peti
442 1931 736 2012 arbitrarentur,
763 1943 872 1998 antra
898 1951 967 1998 sua
983 1932 1202 2030 introgressi
1231 1934 1271 2002 ab

230 2043 231 2052 ’
284 2031 547 2124 omnipotente
565 2029 633 2098 deo
652 2027 885 2122 petiverunt,
907 2045 954 2130 ut
975 2032 1176 2104 animabus
1203 2035 1272 2104 suis

284 2148 464 2202 eternam
482 2129 655 2200 Paradisi
675 2128 867 2216 felicitatis
889 2119 1075 2220 quietem,
1110 2155 1273 2225 quacun-

285 2256 359 2324 que
373 2231 528 2300 tandem
546 2245 669 2298 morte
682 2229 898 2322 periissent,
923 2233 1162 2324 concederet,
1193 2233 1273 2303 sibi
1302 2235 1303 2242 ’

286 2319 361 2426 qde
385 2352 454 2424 pro
480 2355 549 2412 sua
570 2332 770 2410 clementia
792 2346 830 2399 et
852 2332 1085 2432 benignitate
1109 2337 1272 2427 sepulto·
1309 2385 1310 2390 ι

284 2457 368 2504 ram
384 2433 632 2530 prospiceret,
658 2455 707 2500 ne
725 2431 817 2499 mali
836 2434 994 2523 pagani
991 2427 1190 2504 funeribus
1206 2437 1273 2504 suis
1309 2515 1310 2518 Ἴ

284 2533 510 2630 potirentur.
576 2531 723 2625 Optatis
748 2554 883 2601 eorum
907 2533 1160 2604 ita‘satisfecit
1192 2535 1274 2605 deus

286 2636 546 2750 omnipotens,
569 2649 614 2702 ut
631 2631 672 2702 hi
691 2632 760 2702 deo
776 2632 1060 2706 semihomines
1074 2635 1141 2704 tali
1165 2637 1273 2706 modo

285 2737 404 2806 vitam
423 2734 597 2849 finirent,
622 2746 668 2801 ut
683 2731 853 2827 ingentes
870 2731 1027 2826 delapsae
1050 2758 1162 2829 rupes
1189 2739 1274 2806 ostia

279 2841 507 2922 antrorum,
527 2836 575 2904 in
594 2833 731 2924 quibus
747 2847 870 2919 erant,
895 2835 1193 2926 praeclnderent,
1228 2838 1273 2906 sic

314 2936 491 3005 raemium
526 2949 675 3004 aeternae
704 2933 893 3012 beatitatis
918 2957 988 3028 pro
1008 2936 1274 3049 temporalibus

286 2961 396 3107 bonis
421 3035 596 3126 operibus
624 3033 830 3103 consecuti.
892 3035 1033 3132 Pagani
1057 3037 1208 3126 autem,
1237 3037 1275 3105 in

287 3137 430 3207 insulas
448 3135 582 3222 delati,
607 3158 696 3204 cum
712 3133 885 3204 homines
901 3153 1125 3227 quererent,
1152 3135 1273 3206 mirati

241 3298 247 3309 .
277 3239 390 3320 sunt,
419 3235 522 3325 quod
541 3258 621 3319 non
643 3235 892 3324 invenerunt,
915 3259 1031 3327 quos,
1061 3239 1177 3330 paulo
1195 3252 1274 3308 ante

200 3431 204 3439 .
289 3337 474 3423 suumin
501 3335 640 3404 insulas
671 3334 876 3426 aduentum
900 3337 1095 3424 vidissenta
1132 3361 1207 3432 qna
1237 3359 1274 3428 re

287 3439 340 3506 sic
356 3451 462 3531 gesta
476 3449 730 3506 reverterunt.

295 3587 314 3612 0
346 3541 370 3608 '1
378 3539 494 3606 bardi
518 3541 572 3606 ad
597 3538 771 3606 insulem
797 3540 935 3630 ieljam
956 3552 1229 3632 pervenerunt.

347 3637 483 3730 ·.Cap
501 3647 573 3708 107
624 3640 720 3708 Post
731 3637 939 3728 aliquanto,
956 3656 1108 3710 mortuo
1126 3640 1275 3712 Halone

292 3735 465 3827 dynasta,
505 3759 595 3807 curn
620 3739 758 3808 Olavus
781 3741 962 3836 Tryggvii
983 3741 1087 3809 lilius
1119 3763 1275 3835 regnum

292 3835 458 3925 adiisset,
487 3835 656 3927 accidit,
659 3852 719 3906 ut
737 3838 812 3908 duo
831 3856 1005 3933 potentes
1023 3840 1174 3910 coloni¹
1195 3863 1276 3910 cum

293 3935 485 4025 aliquot
452 3937 568 4025 viris,
579 3963 675 4009 nave
689 3937 809 4030 vecti,
835 3939 882 4010 ab
902 3940 1062 4010 meridie
1077 3963 1123 4011 ex
1142 3940 1276 4030 thrdis

168 4092 174 4108 .
201 4041 203 4047 '
292 4034 681 4110 inThrandheimum
697 4039 746 4118 ad
762 4039 964 4112 Hakonem
979 4041 1175 4135 dynastam
1198 4062 1274 4136 pro-

293 4141 605 4307 {fj'fflffllh-erus
618 4169 739 4241 Egilevrb
753 4163 842 4241 filius,
860 4171 926 4249 'alter
940 4187 1005 4226 roro
1021 4169 1149 4226 Thordur
1162 4173 1272 4252 lom*

327 4260 381 4322 ¹11⁸,
396 4256 473 4310 att.
488 4257 521 4312 F·
691 4283 694 4292 ’
964 4289 967 4297 ‘
