2634 4682
337 343 431 434 230
629 362 902 426 z
1153 372 1264 442 1110.

263 584 371 644 state
384 573 427 644 in
440 569 729 644 Groeulandiam
737 569 854 662 vemt
874 584 913 640 et
925 567 1212 642 Brattahhdom
1226 569 1268 640 ad

271 690 424 770 patrem
448 697 562 744 suum
583 675 761 748 Eirikum
786 673 1002 753 hiematum
1021 695 1063 740 se
1082 671 1266 753 contulit,

271 775 385 848 illum
397 774 769 872 posteacognomipe
778 765 1029 845 Fortunatum
1039 771 1199 858 dixere,
1212 771 1269 840 sed

263 875 444 965 -Eirikus,
470 891 579 966 pater
595 876 694 966 ejus,
721 887 891 948 constare
909 872 1005 941 dixit
1023 871 1150 942 Leifo
1159 874 1266 942 ratio-
1314 935 1315 940 ,

271 1000 375 1064 nem,
391 997 459 1067 qur
447 973 673 1071 naufragos
684 975 886 1071 quidem
856 987 1040 1046 servasset
1055 989 1097 1042 et
1110 997 1132 1042 a
1142 989 1267 1044 morte
1312 1013 1315 1022 ι

189 1083 191 1092 ’
271 1077 518 1166 vindicasset,
545 1079 611 1148 sed
627 1077 788 1148 noxium
802 1049 1004 1148 hominem
1021 1073 1096 1168 (sic
1113 1077 1267 1166 presby·

228 1207 244 1268 '.
267 1191 402 1258 „terum
424 1179 647 1270 appellavit)
670 1201 800 1251 secum
818 1175 1183 1252 inGroenlandiam
1212 1199 1266 1243 ve

265 1279 408 1363 ¹ixisset,
436 1280 596 1359 consilio
612 1295 742 1348 tamen
760 1294 799 1350 et
813 1279 969 1356 hortatu
979 1271 1098 1365 Leiii,
1114 1276 1268 1347 ,Eirikns

111 1459 113 1466 Α
146 1449 148 1456 ,
203 1380 206 1391 “
263 1398 486 1472 omnesque
513 1375 770 1452 Groenlandiae
801 1379 937 1450 incolae
960 1374 1147 1470 baptizati
1172 1389 1267 1445 sunt

391 1547 634 1640 Hollsredus
660 1549 702 1622 in
725 1547 949 1638 Islaudiam
969 1547 1151 1642 navigat.

374 1682 464 1775 Cap.
483 1691 557 1757 232.
610 1681 757 1756 Eodem
773 1705 880 1772 vere,
906 1682 1021 1774 paulo
1037 1694 1132 1773 post
1156 1703 1269 1772 quam

270 1807 340 1860 rex
366 1786 507 1856 Olatu's
523 1782 685 1854 ‘Leifum
709 1783 832 1856 Eiriki
857 1784 989 1870 illium,
1004 1782 1049 1852 in
1066 1784 1268 1854 Groenlan·

155 1963 157 1968 ,
272 1886 375 1956 diam
396 1885 571 1973 miserat,
608 1883 830 1958 Hallsredus
855 1884 1192 1975 Difficilis-poeta
1214 1883 1268 1952 die
1315 1975 1316 1980 ἵ

273 1985 443 2078 quodam
459 2007 593 2080 regem
615 1987 765 2076 adiens,
790 1981 942 2056 veniam
964 1987 1118 2078 rogavit
1142 1984 1268 2076 proxi·

270 2108 335 2156 ma
349 2101 477 2158 aestate
490 2088 533 2156 in
543 2087 748 2166 Islandiam
762 2085 960 2158 redeundi.
1012 2089 1098 2158 Rex
1112 2107 1268 2178 respon·
1304 2085 1307 2096 '

272 2185 357 2256 det:
383 2201 486 2277 esto,
513 2187 739 2280 proutivis3
762 2187 909 2260 bonum
927 2187 969 2258 in
991 2199 1032 2255 te
1053 2188 1189 2257 virum
1211 2210 1267 2255 ex·
1315 2183 1316 2190 '

271 2303 405 2378 pertus
430 2309 536 2377 sum,
577 2288 692 2380 quod
703 2303 835 2360 autem
863 2288 972 2358 tibi'
961 2288 1173 2381 ingenium
1204 2301 1265 2374 est,

175 2413 179 2418 ·
271 2387 571 2480 haudquaquam
592 2412 682 2472 vero
709 2386 882 2466 absimile
908 2388 1106 2480 duxerim,
1133 2387 1264 2462 adfore

235 2495 236 2503 ’
271 2499 445 2580 tempus,
473 2475 625 2580 quando
642 2513 797 2568 mecum
815 2513 895 2560 esse
908 2489 1114 2580 malueris,
1137 2489 1264 2582 potius

269 2609 389 2704 ι11111111
414 2588 457 2658 111
477 2589 641 2662 islandia
666 2606 732 2660 aut
756 2591 849 2662 alibi
867 2593 1062 2676 locorum3
1092 2615 1187 2672 cum
1203 2614 1264 2660 au-

270 2695 352 2762 tem
366 2690 537 2763 incertus
551 2692 601 2760 sit
612 2691 839 2799 congressus
852 2706 980 2764 noster
999 2705 1089 2784 post
1103 2693 1208 2781 haec,
1233 2689 1262 2758 si

270 2812 374 2859 nunc
396 2814 636 2882 separamur,
677 2773 839 2884 accipito
873 2795 920 2863 ab
953 2817 1017 2862 me
1050 2793 1261 2862 andeolum

269 2883 568 2984 bombycinum,
598 2893 749 2986 'galeam
768 2908 808 2964 et
826 2894 1017 2964 armillam
1041 2915 1109 2964 sex
1130 2894 1260 2964 uncias

270 2991 524 3079 pendentem
552 3015 650 3088 quas
664 3018 725 3064 res
745 2995 978 3077 monimenti
995 2996 1082 3066 loco
1100 2994 1260 3086 posside

265 3103 333 3178 to,
359 3093 461 3184 quod
475 3095 573 3170 mihi
585 3095 824 3186 apparueris,
850 3093 979 3186 neque
997 3118 1059 3175 eas
1076 3095 1260 3176 abaliena-

265 3203 331 3279 to,
348 3215 438 3262 nam
451 3215 527 3262 una
537 3208 654 3264 eunto
670 3217 761 3266 cum
774 3193 910 3266 funere
922 3211 991 3269 tuo
1002 3197 1050 3266 ad
1059 3198 1258 3287 templum,

268 3292 338 3364 sed
354 3292 395 3360 in
405 3295 597 3384 loculum,
617 3296 649 3364 si
660 3296 758 3381 mari
769 3311 947 3386 mortuus
955 3297 1083 3368 fueris.
1109 3294 1257 3368 Deinde

269 3391 491 3484 Hallfredus
518 3395 647 3464 navim
672 3409 781 3468 suam
802 3399 843 3468 in
866 3398 1074 3480 Islandiam
1099 3395 1256 3488 paravit,

268 3495 495 3588 Audgislem
511 3489 761 3568 iiliumsuum
777 3499 882 3568 misit
898 3500 940 3568 in
957 3497 1165 3587 Svethiam,
1191 3493 1256 3564 ubi

269 3615 361 3664 cum
373 3601 407 3670 Τ
409 3597 548 3668 horare
565 3621 632 3678 avo
653 3613 827 3680 materno
843 3599 1025 3688 educatus
1041 3613 1119 3686 ost,
1153 3596 1254 3670 Hall·

267 3690 376 3768 fredo
417 3704 552 3768 autem
580 3698 661 3768 filio
695 3723 765 3773 suo
797 3700 947 3797 bonum
975 3699 1188 3773 nutricium
1212 3695 1252 3764 iu

268 3795 560 3868 Thrandheimo
577 3779 805 3896 conciliavit.
860 3800 959 3870 Cum
979 3824 1069 3872 vero
1089 3797 1250 3874 Hallire·

269 3894 339 3964 dus
355 3919 395 3965 se
411 3913 629 3990 paraverat,
652 3920 786 3994 regem
801 3899 949 3998 adibat,
974 3924 1142 3993 eumque
1159 3899 1250 3970 salu·

267 3995 392 4085 tabat,
425 3997 530 4068 haud
554 3999 670 4070 dubia
685 3999 892 4092 praeferens
911 4001 1075 4094 indicia,
1100 4013 1248 4094 quanto-

267 4115 362 4182 pere
389 4095 574 4167 discessus
596 4124 616 4168 a
637 4123 729 4195 rege
755 4125 846 4172 eum
868 4119 1057 4198 tangeret.
1118 4103 1247 4172 Postea

146 4274 151 4284 .
268 4215 405 4270 1111110111
418 4198 549 4287 solvit,
569 4201 666 4270 etin
688 4203 786 4273 ostio
810 4203 1073 4276 Kolbeinsaae
1061 4227 1104 4274 111
1119 4203 1245 4292 Skaga·
