2646 4678
4 588 10 605 ⁰
40 617 156 703 janam
180 610 243 684 del
261 606 490 706 religionem
507 595 561 682 ibi
581 605 770 680 funderet.
811 611 923 684 ΙἸἰιιιι
932 535 1020 684 ola-

40 741 101 786 vus
121 714 266 789 Gordos
276 727 450 786 reversus
468 723 566 799 est,
580 701 877 802 atquodanctam
902 711 1020 784 fidem

38 817 87 888 ibi
101 810 364 900 annuntiavit,
393 811 604 901 etquidem
629 809 798 901 primum
821 812 1020 906 sigillatim

5 953 6 956 ι
41 919 115 1011 regi
128 931 168 986 et
184 912 337 1006 regina.
397 913 482 982 Rex
502 912 671 1001 primum
689 909 850 984 firmiter
865 914 1017 1004 restitit,

39 1019 162 1110 regina
181 1028 311 1116 autem
326 1010 472 1084 facilior
488 1024 588 1096 erat,
619 1009 777 1085 tandem
790 1033 881 1092 vero
897 1036 942 1084 eo
955 1038 1019 1085 res

39 1117 216 1210 perducta
232 1101 306 1201 est,
327 1125 385 1180 ut
413 1133 524 1182 suasu
547 1110 687 1204 regium
707 1133 781 1186 rex
803 1111 1020 1222 frequentia

41 1217 190 1290 comitia
213 1224 484 1284 convocaret.
509 1211 630 1284 Cum
627 1224 765 1284 sutem
782 1203 897 1282 multi
911 1239 1019 1312 mag·
1114 1233 1120 1244 ·

40 1328 138 1388 nates
152 1329 272 1425 atque
283 1309 558 1426 ingenspopuli
565 1310 772 1384 multitudo
786 1313 920 1384 eodem
929 1339 1018 1386 con·

39 1415 241 1506 venissent,
278 1409 505 1502 comitiaque
528 1411 732 1488 constituta
755 1427 898 1503 essent,
935 1439 1018 1489 sur-

40 1519 131 1588 rexit
145 1539 214 1586 rex
230 1515 381 1600 Olavus,
399 1525 438 1582 et
454 1511 506 1584 lta
519 1511 632 1584 verba
648 1512 761 1583 iecitt
795 1536 926 1605 spero,
951 1517 1018 1587 do·
1062 1579 1066 1592 .

40 1619 136 1688 mine
151 1613 235 1686 rex!
264 1627 307 1682 te
324 1611 509 1702 supientia
523 1625 589 1680 tua
603 1611 857 1718 intelligere,
877 1615 1017 1710 dequo
1117 1613 1122 1622 ”

41 1742 162 1788 coram
184 1730 223 1785 te
241 1712 410 1804 aliquam
423 1710 538 1784 intuli
552 1701 819 1802 mentionem,
831 1715 904 1786 tibi
918 1719 1018 1789 scili-

4 1897 5 1900 ,
41 1836 94 1890 cet
111 1831 151 1887 et
168 1813 347 1886 omnibus
365 1810 459 1902 aliis,
485 1827 565 1884 tam
578 1811 768 1901 divitibus,
792 1837 909 1907 quam
923 1837 1019 1909 pau

10 1987 15 2010 ·‚
40 1893 210 2008 peribus,
234 1911 367 1990 multis
381 1912 599 1998 nominibus
613 1925 811 2004 prestare,
835 1916 878 1986 in
891 1937 1017 1987 unum

40 2041 168 2088 verum
188 2016 302 2088 deum
321 1993 486 2108 credere,
512 2025 732 2134 creatorem,
755 2033 823 2105 qm
810 2009 929 2086 fecit
943 2041 1017 2088 coc
1080 2034 1085 2048 ³
1198 2005 1199 2012 ι

41 2119 117 2190 lum
136 2131 176 2186 et
190 2131 343 2202 terram,
363 2125 401 2182 et
421 2099 553 2186 omneis
567 2129 659 2203 res,
680 2109 848 2200 visibiles
868 2132 907 2186 et
921 2117 1017 2192 invi
1038 2165 1046 2184 ι
1121 2131 1124 2140 ’

42 2221 189 2308 sibiles,
213 2216 356 2307 quiquo
385 2212 467 2284 dat
464 2223 648 2287 sternam
666 2211 874 2294 salutern
846 2219 1016 2290 unefine

42 2317 245 2388 omnibus
235 2338 277 2386 ιιι
301 2337 350 2386 se
363 2323 467 2412 recte
482 2299 748 2404 credentibus,
770 2311 925 2408 sibique
941 2319 1019 2390 rite

41 2399 304 2533 seruientibus,
337 2406 452 2506 quam
476 2411 519 2484 in
541 2410 665 2492 tantis
680 2433 806 2536 errare
832 2419 1014 2509 tenebris,

11 2533 12 2536 ’
41 2535 79 2588 ιιι
99 2519 140 2588 in
153 2513 262 2589 falsa
279 2514 381 2584 idola
397 2509 574 2603 credatis,
607 2507 709 2606 qnte
720 2537 766 2586 eo
777 2511 914 2586 minus
932 2521 1017 2590 aliis

4 2674 6 2676 a
43 2618 242 2709 quidquam
257 2611 388 2692 curtilii
403 2627 581 2706 prestare
596 2630 795 2706 possunt,
808 2613 944 2710 quod
933 2641 1017 2713 ipsa
1082 2656 1086 2665 ι

41 2730 228 2808 nequeant
244 2714 328 2786 loco
349 2710 512 2804 moveri,
531 2711 607 2788 nisi
625 2717 671 2786 ab
687 2713 774 2798 aliis
788 2729 935 2807 portata
949 2735 1017 2791 aut

18 2815 155 2888 'tracta
192 2815 287 2906 sint,
338 2811 659 2905 quemadmodum
682 2816 753 2885 tibi
783 2819 906 2889 multo
928 2836 1018 2891 ante

9 2959 10 2963 =
44 2918 132 3006 dixi,
156 2941 245 2987 cum
259 2909 405 3008 nullam
424 2910 493 2986 dei
498 2916 674 2986 notitiam
690 2915 889 3008 haberem,
920 2919 1017 2994 mihi

44 3019 159 3088 nihilo
181 3015 302 3087 secius
324 3001 568 3087 temerarium
593 3015 736 3106 videri,
770 3015 830 3096 eis
854 3021 1019 3114 servire3

44 3117 128 3186 hinc
149 3140 324 3187 omnem
320 3110 504 3186 laborem
528 3130 567 3185 et
588 3134 752 3208 operam
783 3113 1016 3210 impendam,
1121 3127 1123 3134 ’

45 3231 151 3308 atque
169 3237 368 3332 nunquam
383 3215 569 3307 desistam,
592 3239 734 3288 nomen
752 3215 814 3286 dei
832 3217 936 3290 vobis
951 3245 1017 3291 an-

46 3304 457 3407 nunnare',priusquam
473 3328 524 3407 te,
539 3317 624 3388 rex!
641 3331 756 3409 atque
768 3328 896 3388 totum
912 3321 1018 3391 hunc
1036 3373 1039 3378 -
1112 3370 1116 3381 ·
1144 3359 1148 3366 ·

46 3420 224 3510 populum
239 3417 287 3488 ab
307 3425 424 3508 opaco
447 3418 582 3488 erroris
604 3417 791 3508 tramite,
810 3441 886 3510 quo
903 3421 1018 3492 nimis

4 3597 5 3602 ἵ
50 3515 129 3586 diu
119 3516 332 3614 1ncessistis,
354 3518 396 3588 in
414 3517 591 3589 candidos
609 3519 691 3610 spei
707 3515 782 3614 vias
800 3533 1022 3606 aeterncesa·¹

49 3614 130 3686 lutis
150 3614 363 3688 traduceret
423 3620 505 3689 Rex
522 3615 719 3706 Valdamar
741 3617 1028 3694 adsermonem.
1234 3657 1238 3667 ν

50 3715 141 3788 illius
163 3717 370 3834 respondit,-
391 3730 506 3813 atque
519 3717 576 3788 ita
589 3719 775 3788 fatusest=
802 3741 848 3788 ex
863 3719 946 3792 istis
960 3745 1021 3792 ra-

52 3813 197 3908 diolis,
200 3819 329 3910 qui-en
353 3819 535 3922 pulcris
516 3819 596 3890 tuis
623 3816 901 3914 hortationibus
919 3824 1019 3896 reni-

4 3971 6 3976 .
51 3927 166 4008 tent1,
186 3919 400 3990 inducorin
417 3939 540 4008 spem,
559 3941 710 3991 morem
726 3919 1020 4036 christianorum

53 3970 239 4090 homilium
255 4017 384 4089 nostro
407 4032 605 4110 praestare3
646 4041 783 4128 verum
807 4020 919 4119 longa
942 4021 1019 4115 pri
1121 4022 1124 4026 ’

52 4118 304 4138 -ῆ-ι-ῄο

88 4148 110 4211 ¹)
128 4146 158 4198 ad
169 4167 254 4201 meam
268 4150 411 4216 rationem,
433 4148 495 4202 add.
511 4151 543 4217 B,
563 4147 593 4216 C,
614 4147 645 4214 F,
665 4147 693 4200 S.
757 4223 823 4294 L2
