2680 4678
36 357 226 468 auom
381 367 686 504 ‘m
771 327 774 335 ’
881 377 973 468 289

39 593 153 660 Tum
166 605 233 654 rex
249 580 391 654 Sveinn
401 601 568 674 surgens
578 579 679 654 fatus
698 600 769 656 est·
789 587 862 662 hac
877 614 1052 688 vespera,

39 688 241 756 excelsum
256 681 455 752 merehet
456 679 637 774 Serpens,
664 673 1036 784 ιιιιειοιθιιιιιιιεεειι-
1129 773 1131 780 ,

35 790 124 858 tiet.
192 784 264 853 Cui
285 783 440 856 Eirikus
460 788 628 874 satrapa:
664 787 695 855 si
720 791 788 858 vel
802 812 870 860 rex
893 794 941 863 01
944 779 1061 868 'avus'

36 914 116 960 nat
119 904 181 958 em
196 909 275 956 non
283 886 469 972 majorem
483 883 643 956 haberet
629 885 902 984 tquamhanc„
918 919 1035 990 quam
1081 884 1086 891 ¹

36 1011 148 1060 nunc
164 985 354 1076 ridemus,
383 975 468 1054 edm
485 998 616 1054 tamen
631 987 689 1056 illi
705 1012 771 1058 rex
789 991 929 1065 Sveinn
946 1010 1035 1094 curri

37 1093 98 1160 sol
102 1113 123 1158 o
146 1093 347 1164 Danorum
374 1086 545 1156 exercitu
571 1103 771 1180 nunquam
792 1090 895 1164 foret
910 1111 1034 1170 extor-

10 1195 12 1236 ἶ
36 1210 167 1260 surus.
214 1185 351 1260 Nave's
368 1201 499 1260 autem
519 1185 813 1282 istaeingentes,
842 1197 1032 1288 capitibus
1110 1203 1112 1211 '

35 1294 257 1379 instructae,
285 1310 376 1382 quas
388 1310 464 1381 pro
481 1290 665 1380 serpente
680 1291 795 1388 longo
804 1293 1033 1392 habuerant
1085 1355 1092 1364 .

35 1395 171 1482 fuere,
204 1391 325 1482 prior
334 1390 488 1484 quidem
512 1391 631 1477 Grus,
664 1394 852 1482 posterior
869 1397 1032 1492 Serpens

35 1493 178 1567 brevis.
217 1497 329 1564 Nunc
342 1492 510 1561 universi
499 1489 572 1562 ad
585 1514 698 1564 naves
714 1495 920 1589 confluere,
948 1493 1032 1596 ten·
1047 1524 1053 1538 ²

35 1595 215 1700 toriaque
242 1592 388 1662 navalia
414 1591 555 1684 raptim
577 1593 791 1686 deponere,
836 1598 1033 1700 principes

37 1693 254 1767 exercitum
268 1693 316 1762 ad
314 1693 531 1808 praelium
519 1705 730 1790 instruere,
757 1695 938 1770 dicuntur
953 1725 1031 1774 sor·
1093 1748 1097 1754 .

34 1800 143 1898 tibps
159 1795 266 1882 jactis
285 1783 548 1882 constituisse,
558 1795 642 1903 qui
659 1818 791 1866 eorum
804 1800 965 1894 primus
971 1803 1030 1896 ip·
1084 1891 1091 1900 '

35 1923 120 1970 sam
144 1919 281 1966 navem
302 1896 469 1990 regiam,
502 1881 727 1987 Serpentem
741 1897 938 1995 Longum,
965 1925 1030 1998 ag·

35 1997 286 2094 grederetur,
313 1997 554 2111 primamque
573 2010 715 2066 sortem
730 1997 865 2078 exiisse
882 2004 1032 2077 Sveinis

34 2105 240 2214 Danorum
261 2097 383 2191 regis,
418 2095 625 2168 secundam
644 2083 753 2168 Olavi
770 2100 953 2216 Sviortum
969 2125 1029 2175 re-

35 2197 118 2316 gis,
149 2213 382 2312 postremam
403 2197 524 2272 Eiriki
544 2198 786 2292 Satrapae,·‘
755 2222 788 2270 si
812 2221 907 2296 opus
931 2221 1031 2277 esset
1063 2247 1070 2256 ·

36 2304 123 2390 ejus
150 2323 290 2391 opera,
317 2287 459 2392 singuli
483 2323 639 2387 eorum,
668 2322 761 2392 quas
778 2323 847 2373 suo
865 2305 1031 2398 quisque,

35 2425 129 2473 cum
148 2400 320 2471 exercitu
344 2396 516 2486 vinceret
537 2412 576 2468 et
590 2405 942 2494 propugnatoribus
963 2407 1027 2478 de-

32 2503 220 2606 nudaret,
229 2469 401 2571 naribus
417 2521 523 2596 regis
530 2501 638 2572 Olavr
654 2501 882 2594 potirentur.
916 2510 1027 2580 Dum
1082 2528 1087 2537 ’

31 2627 128 2677 vero
147 2601 339 2698 principes
357 2599 462 2690 haec,
498 2624 581 2696 quae
604 2596 704 2672 dicta
727 2615 835 2696 sunt,
861 2606 962 2678 inter
985 2631 1026 2680 se

32 2703 373 2796 colloquebantur,
398 2718 476 2774 tres
490 2726 604 2773 naves
615 2703 746 2774 vident
757 2729 905 2776 exrmrae
912 2717 1026 2811 niag-
1095 2763 1100 2774 .

30 2805 240 2920 nitudinis,
279 2804 531 2918 quartamque
551 2817 804 2896 postremam,
846 2805 889 2876 in
915 2811 1025 2897 cujus
1056 2845 1060 2856 ·

30 2929 148 3002 prora
162 2907 306 3000 ingens
303 2903 487 2976 draconis
498 2907 613 2996 c'aput
630 2919 776 2976 exstare
788 2929 920 2978 omnes
936 2933 1024 3004 con·

30 3007 170 3100 spicati
200 3020 309 3097 sunt,
335 3021 416 3076 tam
437 3005 636 3098 splendide
654 3020 834 3080 ornatum
852 3031 895 3077 ac
914 3007 945 3078 si
965 3033 1024 3081 so-

30 3109 115 3181 lido
139 3131 231 3178 auro
250 3119 464 3196 constaret,
501 3107 609 3198 cujus
630 3103 782 3204 fulgore
807 3131 912 3178 mare
941 3111 1021 3183 late

30 3210 277 3300 coruscabat,
295 3210 374 3280 sole
396 3206 684 3300 resplendente3
713 3231 827 3300 quarn
845 3205 1024 3298 homines

30 3309 261 3402 conspicati,
297 3309 578 3382 demirabantur
598 3310 704 3380 navis
725 3309 1020 3406 longitudinem,
1043 3388 1049 3399 ,

27 3436 123 3484 nam
139 3409 378 3502 aliquantum
385 3426 569 3503 temporis
580 3410 828 3500 interjectum
836 3417 905 3502 est,
917 3427 1021 3504 post-

28 3526 150 3608 quam
171 3535 326 3604 proram
350 3525 645 3604 conspexerant,
686 3511 806 3582 donec
824 3514 964 3606 puppis
979 3511 1022 3586 in

27 3627 280 3722 conspectum
296 3613 487 3706 prodiret,
525 3629 612 3684 turn
638 3633 849 3710 cognovere
873 3635 1019 3706 omnes,

25 3737 158 3808 neque
158 3711 335 3810 negabat
351 3715 569 3809 quisquam,
582 3714 688 3784 hunc
705 3737 784 3802 esse
794 3715 1021 3807 Serpentem

24 3819 220 3931 Longum.
276 3821 359 3912 Quo
376 3817 479 3907 viso,
505 3817 734 3886 obmutuere
748 3814 882 3904 multi,
902 3817 1020 3912 vulgo

25 3931 160 3990 autem
174 3917 354 4002 jamtum
366 3933 492 3990 metus
510 3923 670 4032 &pavor
684 3928 841 4008 pectora
856 3935 1069 4017 occupa·

25 4021 105 4102 vit,
134 4016 235 4132 qupd
250 4019 386 4114 utique
399 4041 480 4090 non
498 4017 642 4090 mirum
659 4017 752 4112 fuit,
775 4039 867 4086 nana
879 4007 1069 4114 ingens

25 4119 96 4188 illa
111 4115 215 4187 navis
225 4143 364 4216 magno
380 4119 586 4191 hominurn
596 4132 944 4192 numero-mortem
963 4117 1017 4190 af-

67 4238 95 4286 2.
114 4234 171 4286 vol.
255 4253 263 4264 ·
386 4221 397 4252 ⁸
540 4244 546 4253 '
789 4222 825 4294 T
