2634 4682
25 404 143 472 nso.
397 405 671 517 ξε
873 397 977 498 179,

27 625 159 711 enim,
186 625 335 718 inquit,
364 625 510 716 omnia,
546 643 631 716 quae
656 623 767 714 dicis,
794 624 1024 698 Thorhalle!

24 729 296 798 memorabilia
311 727 499 797 videntur.
555 725 789 798 Thorhallus
808 727 1024 818 respondit:

24 853 107 898 non
132 851 177 897 ea
197 829 243 898 de
258 829 453 898 causahoc
469 827 588 915 facio,
617 826 719 917 quod
737 827 835 896 mihi
847 841 894 896 tu
910 828 1025 900 illeve

24 931 108 1000 ulla
128 930 172 998 in
190 953 234 1000 re
257 929 508 1021 displiceatis,
543 942 610 998 eut
634 927 888 1020 quodminus
910 953 1026 1019 quam
1048 995 1052 1004 .

23 1032 91 1101 alii
117 1029 300 1102 homines
330 1031 564 1124 intelligam,
615 1053 707 1100 eum
734 1051 816 1098 esse
843 1029 1026 1118 juvenem

21 1132 197 1202 'maxime
214 1131 425 1225 insignem:
456 1131 573 1223 hpjus
583 1151 674 1201 vero
690 1130 747 1200 rei
761 1152 805 1198 ea
821 1152 936 1201 causa
956 1147 1024 1222 est,

24 1233 133 1326 quod
149 1232 266 1301 multi
279 1244 389 1320 sunt,
417 1231 485 1323 qui
499 1255 590 1306 eum
605 1230 781 1318 laudent,
806 1254 922 1321 quarn
933 1257 1025 1325 quo·
1059 1267 1064 1286 =

24 1359 100 1428 que
118 1333 280 1402 laudem
298 1335 423 1401 multo
441 1333 602 1402 nomine,
620 1345 810 1420 meretur,
851 1335 1025 1423 quamvis
1069 1332 1082 1418 ⁸,

22 1436 134 1528 parvi
154 1457 195 1503 se
213 1433 295 1525 ipse
309 1431 443 1518 faciat,
468 1433 552 1505 fieri
568 1446 699 1502 autem
714 1447 866 1523 potest,
887 1435 1024 1505 utbre'·
1042 1465 1047 1476 ‘

23 1539 79 1606 vis
97 1537 252 1605 fructus
270 1557 315 1602 ex
330 1533 398 1604 illo
413 1533 669 1626 percipiatur,
701 1549 739 1602 et
758 1543 843 1603 tum
866 1536 956 1604 satis
983 1551 1024 1604 te

24 1637 266 1708 desiderium
287 1634 358 1704 filii
371 1648 460 1704 tam
478 1635 577 1704 bene
600 1635 743 1705 exculti
758 1649 915 1728 tanget,
952 1637 1024 1706 etsi

21 1741 161 1810 laudes
193 1738 383 1805 virtutum
417 1737 499 1823 ejus
524 1736 649 1806 animo
675 1759 755 1805 non
781 1739 1022 1828 preceperis.

21 1838 269 1913 Procedente
299 1859 391 1906 vero
416 1849 564 1927 aestate,
600 1837 859 1909 Thorhallum
883 1860 1024 1933 magna

22 1941 188 2013 incessit
202 1937 370 2008 tristitia.
422 1939 539 2010 Hallo
555 1937 824 2035 interroganti,
846 1961 931 2030 quae
946 1941 1023 2010 hu-

17 2045 83 2132 ]'us
100 2045 163 2112 rei
178 2063 292 2109 causa
305 2050 421 2128 esset,
439 2039 692 2112 Thorhallus:
716 2040 762 2110 ab
778 2039 854 2108 hoc
870 2055 1024 2112 autum·

23 2148 104 2215 nali
118 2139 315 2232 convivio,
342 2140 445 2231 quod
464 2139 552 2210 heic
573 2133 846 2240 celebrabitur,
872 2145 1025 2232 pericu·

22 2249 118 2316 lum
137 2257 294 2330 metuo,
319 2242 497 2356 praesagit
517 2241 624 2310 enim
647 2242 798 2310 animus
821 2244 935 2331 mihi,
963 2268 1023 2314 va-

21 2363 106 2417 tem
126 2345 204 2412 hoc
228 2341 402 2413 convivio
426 2341 705 2410 inter'fectum
695 2341 755 2411 rri.
809 2345 920 2415 Hanc
938 2367 1024 2416 rem

21 2467 237 2541 procurare
257 2464 433 2534 possum,
461 2441 514 2511 ait
530 2442 825 2534 paterfamilias,
851 2456 908 2512 est
926 2445 1029 2516 mihi
1103 2527 1107 2536 ¹

20 2553 91 2619 bos
103 2545 242 2616 decem
256 2566 459 2632 annorum,
476 2565 593 2637 quem
600 2558 728 2613 vatem
737 2545 903 2636 appello,
920 2547 1025 2638 quod
1074 2575 1077 2584 ·

20 2651 222 2744 plerisque
238 2644 322 2713 aliis
336 2645 458 2714 bobus
467 2644 695 2739 prudentior
710 2645 777 2729 sit3
804 2647 868 2716 hic
877 2646 924 2715 ad
935 2671 1024 2718 con-

20 2746 438 2830 vivium'mactabitur3
463 2770 591 2838 neque
608 2761 684 2837 est,
709 2769 779 2814 cur
796 2747 878 2815 haec
899 2772 960 2818 res
982 2764 1023 2819 te
1074 2814 1078 2820 .

21 2865 162 2946 angat,
185 2871 277 2916 nam
296 2845 440 2942 cogito,
467 2848 543 2916 hoc
566 2871 699 2917 meum
715 2848 953 2940 convivium,
978 2865 1025 2921 ut
1109 2901 1112 2904 -
1213 2841 1215 2848 ’

10 2943 178 3040 scetera,
209 2947 280 3016 tibi
304 2947 463 3038 aliisque
487 2948 620 3018 amicis
641 2949 738 3018 meis
753 2949 892 3019 honori
918 2950 1022 3020 futu-

10 3050 124 3124 rum.
189 3049 424 3121 Thorhallus
448 3049 670 3141 respondet:
705 3057 813 3140 atqui
839 3051 921 3119 haec
944 3075 1024 3123 non

20 3157 110 3224 ideo
132 3149 298 3244 protuli,
334 3149 437 3239 quod
455 3151 541 3220 vitae
563 3171 659 3218 meae
684 3164 922 3242 metuerem,
956 3153 1023 3223 sed

20 3280 82 3326 res
109 3254 238 3350 multo
269 3251 433 3338 majores
464 3266 506 3326 et,
528 3251 788 3320 mirabiliores
822 3253 1020 3347 praesagio,

21 3379 118 3450 quas
134 3351 210 3422 hac
222 3350 305 3420 vice
318 3369 399 3420 n'ou
415 3351 596 3443 aperiam.
627 3352 782 3423 Hallus:
811 3353 912 3423 nihil
929 3377 1022 3449 ergo

20 3455 209 3549 impedit,
236 3474 316 3543 quo
335 3452 463 3522 minus
477 3453 551 3522 hoc
569 3453 789 3522 convivium
807 3453 1019 3526 differatur.

20 3541 283 3634 Thorhallus:
314 3553 390 3621 hoc
404 3555 515 3643 loqui
532 3553 692 3624 minime
710 3555 903 3648 proderit,
930 3581 1023 3629 narn

21 3658 128 3776 quod
144 3654 403 3726 constitutum
419 3670 488 3744 est,
515 3655 593 3725 fiet.
648 3655 924 3726 Circainitium
938 3657 1022 3730 hie·

20 3763 96 3832 mis
117 3755 336 3828 convivium
358 3767 439 3824 erat
458 3769 707 3848 apparatum3
740 3757 856 3850 pauci
876 3782 921 3860 ep
934 3759 1022 3830 ade·

20 3875 109 3932 rant
123 3856 305 3944 convivae,
332 3878 421 3926 cum
429 3869 635 3968 tempestas
650 3858 737 3930 coeli
752 3874 851 3928 esset
865 3877 1023 3932 ventosa
1064 3935 1069 3947 ,

23 3978 61 4034 et
78 3960 324 4042 turbulenta3
352 3980 441 4027 cum
453 3982 543 4028 vero
558 3947 707 4050 ves'peri
724 3959 890 4030 convivae
910 3984 1023 4032 accu·
1024 3988 1029 3996 ·

21 4065 217 4150 buissent,
243 4057 480 4130 Thorhallus
496 4059 596 4128 infit.
626 4059 801 4129 convivas
817 4076 945 4140 oratos
958 4085 1022 4132 ve-

22 4164 112 4256 lim,
142 4187 186 4232 ea
196 4161 239 4230 in
249 4183 291 4229 re
308 4159 407 4228 mihi
422 4160 594 4252 obsequi,
616 4175 661 4228 ut
676 4161 813 4251 nequis
827 4163 897 4232 hac
906 4177 1021 4234 nocte

655 4267 822 4335 -Me
