2646 4678
35 406 225 477 ιιι-ιι.
398 409 670 476 Β...
808 384 963 536 ’93

33 622 97 695 nio
122 618 410 694 vehementiore
425 616 550 690 visus·
541 618 645 710 ,hio
668 617 1027 718 cognominibusin·

33 739 90 794 ter
106 748 146 794 se
164 722 456 838 altercantibus,
480 733 527 790 ut
541 675 657 792 irtodo
675 721 822 792 dictum
841 738 916 814 est,
939 745 1028 818 pro-

35 823 199 896 cucurrit
216 808 265 893 ad
282 821 485 892 Hakonem
502 822 781 916 Norvegum,
769 837 966 916 ingentem
987 839 1028 896 et

34 926 137 996 ualde
154 923 352 994 sordidam
365 931 499 991 tenens
515 920 663 992 furcam
680 922 963 1015 stercorariam,
975 925 1028 1000 ei·
1122 927 1125 934 “
1165 945 1172 972 1

37 1051 104 1116 que
122 1027 236 1096 vultu
252 1043 439 1116 perquam
453 1020 548 1092 irato
563 1017 675 1094 dixit:
703 1021 787 1116 quis
804 1037 848 1094 tu
864 1047 914 1114 es,
927 1024 1027 1122 tanti
1112 1086 1118 1108 ,
1218 1077 1264 1102 ,.

36 1127 142 1196 fastus
162 1139 214 1194 et
221 1120 474 1215 impudentiae
484 1171 494 1208 ‚
508 1095 655 1212 'quanti
671 1145 785 1194 nemo
802 1136 933 1215 antea,
960 1125 1027 1218 qui

39 1228 73 1295 in
97 1225 316 1318 principem
339 1234 513 1292 nostrum
540 1220 662 1293 minas
691 1224 833 1309 iactare
863 1223 1027 1296 audeas?

42 1349 129 1396 nunc
166 1326 335 1395 duarum
368 1320 633 1392 conditionum
661 1323 886 1395 alterutram
910 1327 1028 1420 elige,

45 1443 234 1520 utramque
257 1422 332 1494 tibi
355 1421 520 1494 nimium
538 1419 704 1513 equam,
742 1440 809 1495 aut
824 1423 1026 1520 confestim

43 1543 173 1598 tecum
188 1524 370 1596 omnibus.
383 1523 461 1592 tuis
481 1519 571 1590 hino
587 1523 705 1612 aufer,
729 1539 795 1594 aut
809 1545 882 1620 ego
897 1539 937 1597 te
952 1525 1027 1596 bac

44 1629 160 1698 eadem
182 1625 296 1696 furca
324 1624 464 1692 'aeterna
484 1621 683 1692 afficiam
673 1621 894 1720 1guominia.
947 1628 1024 1698 Hic

44 1729 160 1837 legati,
188 1723 509 1820 quamcitissime
535 1744 622 1792 sese
620 1724 815 1839 abripere
838 1726 1024 1842 pulcher·

49 1827 167 1899 rimam
209 1825 304 1912 rati,
338 1847 359 1891 e
390 1821 564 1892 manibus
593 1825 693 1893 servi
714 1825 915 1920 aegerrime
940 1828 1023 1898 sine

54 1930 250 1998 verberibus
268 1923 508 2034 effugiebant.
543 1925 596 1994 Hi
609 1926 734 2015 primo
753 1925 799 1996 ad
813 1945 946 2020 regem
959 1927 1024 2000 Ei·

51 2027 153 2100 riium
175 2050 219 2096 se
239 2013 509 2110 contrilerunt,
538 2023 675 2094 deinde
696 2025 918 2118 aquilonem
939 2049 1024 2099 ver·

47 2131 145 2198 sosio
156 2127 390 2222 Norvegiam
405 2123 555 2226 reversi,
567 2125 798 2198 Guunhildae
809 2124 1024 2203 infaustum

43 2225 178 2312 itineris
197 2227 260 2297 sui
278 2240 456 2298 eventum
474 2217 655 2315 retulere,
682 2241 723 2298 et
736 2226 810 2302 hoc
823 2241 1022 2344 praterea,

47 2330 131 2418 quod
165 2331 332 2424 Olavuur
353 2322 540 2422 Tryggvii
566 2323 690 2396 filium
718 2317 1022 2428 conspexissent3
1055 2375 1057 2382 ·

46 2453 146 2519 quam
167 2441 254 2500 rein
268 2449 313 2496 ea
328 2423 463 2518 iniquo
479 2423 606 2496 animo
623 2427 727 2499 tulit.

138 2527 352 2602 Divinatio
375 2527 517 2596 matris
544 2530 770 2602 Gardorum
794 2531 907 2622 regis.
1066 2586 1073 2602 ,

81 2632 172 2723 cap.
190 2636 245 2702 46.
274 2628 358 2720 Quo
375 2628 791 2716 temporeGunttbildae
808 2631 936 2702 filiiad
949 2632 1020 2703 im·
1054 2659 1075 2722 ,⁸

38 2724 399 2820 perium'Norregiae
413 2726 652 2816 accedebant,
680 2729 910 2802 Gardarilriae
926 2756 1022 2825 prae·

37 2832 104 2901 fuit
115 2854 196 2919 retr,
213 2826 414 2902 Valdam'ar
430 2826 552 2898 dictus
568 2853 583 2916 ·,
599 2828 716 2917 hujus
734 2855 832 2902 uxor
849 2832 947 2905 dicta
963 2847 1025 2902 est·

37 2934 219 3026 Allogiar,
247 2926 443 3021 prudentis
463 2928 610 3023 ingenii
632 2941 673 3000 et
697 2930 817 3002 animi
832 2933 1036 3024 benevoli,

38 3027 508 3122 etsreotemporeethmcae
523 3029 895 3123 re11g10n1add1cta²
923 3035 1021 3131 Regi

37 3131 246 3206 valdemari
263 3143 387 3199 mater
400 3127 494 3216 fuit,
527 3131 743 3222 grandaeva,
772 3132 943 3225 adeoque
957 3132 1022 3210 de-

39 3235 187 3326 crepita,
206 3245 255 3300 ut
268 3224 412 3301 lectulo
432 3228 543 3298 affixa
549 3243 770 3330 teneretur3
792 3243 921 3304 tamen
929 3235 1023 3306 mali

39 3332 212 3409 demodis
233 3345 325 3410 acta
348 3328 488 3444 spiritu
513 3315 670 3422 provida
696 3347 798 3422 erat,
830 3348 888 3412 ut
905 3333 1024 3405 multi

38 3435 302 3522 ethnicorum,
328 3429 395 3522 qui
412 3451 473 3502 ree
489 3429 636 3501 futuras
656 3446 696 3502 et
707 3435 868 3534 incertas
885 3433 1024 3526 praedi·'

40 3555 114 3604 cere
131 3533 459 3607 existimabantur.
524 3531 673 3606 Ibidem
687 3534 770 3605 haec
783 3505 1021 3608 consuetudo

40 3635 215 3706 obtinuit·
234 3631 462 3724 prjmafesti
479 3633 632 3721 iolensis
645 3633 752 3725 feria,
768 3657 858 3705 cum
871 3634 914 3706 in
934 3637 1022 3707 aula
1075 3691 1093 3735 ¹.
1130 3673 1132 3678 v
1239 3678 1246 3690 ·

40 3737 127 3830 regis
142 3735 324 3808 homines
340 3732 447 3804 sedes
463 3755 547 3804 suas
562 3749 857 3826 occupaverant,
879 3739 1020 3827 vetula,
1044 3753 1060 3814 ς

40 3854 148 3908 mater
161 3836 276 3934 regis,
290 3848 380 3904 ante
393 3835 532 3922 celsam
543 3834 676 3919 sedem
691 3836 835 3930 regiam
849 3835 926 3907 lata
943 3851 1020 3922 est,
1069 3872 1072 3880 ·

42 3959 112 4026 que
130 3953 216 4009 tum
231 3933 460 4056 praedixit,
432 3959 464 4004 s1
480 3935 582 4026 quod
599 3936 860 4028 periculosum
872 3937 1022 4011 bellum

41 4055 112 4130 regi
125 4053 191 4110 aut
205 4058 324 4132 regns
337 4035 612 4126 immmeret,
591 4033 767 4138 'raeque
764 4059 851 4129 res,
873 4035 919 4106 de
928 4038 1022 4130 qui
1111 4076 1113 4080 Α
1214 4027 1220 4040 ’

75 4162 1020 4249 ¹)2trlogtn‚}3,c.men,(3¹2131e0oemp0100ffinicm.

44 4254 98 4324 Ῑὶἰεο
114 4261 238 4329 involuit,
264 4261 304 4314 A
562 4321 566 4330 μ
637 4283 640 4290 -
873 4325 878 4338 ,
1014 4253 1020 4290 ι
1078 4288 1083 4301 Ι
