2680 4678
285 399 527 524 „238²
659 359 933 522 ==¹ss==
1172 415 1250 485 rac.

247 621 250 630 ’
306 627 425 701 cebat.
477 623 675 700 Thorkelt
689 625 845 724 Dydrill
872 625 1028 722 (cauda)
1051 638 1090 696 et
1109 621 1253 710 Josteim,

293 727 490 800 avunculi
512 729 545 819 1)
568 729 687 822 regis,
723 731 870 800 Gruem
887 729 1166 822 gubernabant,
1197 746 1255 816 qua

305 845 471 922 utraque
497 829 601 898 navis
625 852 647 898 a
666 829 850 900 militibus
875 829 1021 920 optime
1044 841 1175 922 parata
1172 838 1255 894 erat

304 937 453 1005 Novem
477 952 591 998 nares
595 951 774 1043 magnas
793 949 877 998 rex
889 923 1031 1031 Olavus
1057 953 1103 998 ex
1121 925 1257 1002 Thrand·

304 1015 441 1103 heimo
464 999 645 1120 ducebat,
671 1046 810 1124 preter
828 1023 941 1100 naves
961 1030 1099 1124 viginti
1113 1043 1259 1100 transtro

305 1155 396 1202 rum
413 1145 451 1199 et
464 1155 644 1200 mmores
700 1131 799 1208 Cum
814 1155 903 1201 vero
919 1155 987 1200 rex
1000 1134 1260 1212 classemsuam,
1310 1117 1311 1202 1

259 1275 262 1285 ν
304 1231 576 1304 ut'Nidarosia
598 1234 781 1330 solveret,
822 1231 903 1302 fere
927 1247 1102 1324 paratam
1117 1231 1261 1314 habebat,

204 1344 218 1430 ¹·
304 1353 375 1424 per
391 1347 519 1404 toturn
535 1333 868 1412 Thrandheimum
881 1334 1094 1425 provincias
1105 1345 1143 1402 et
1156 1352 1264 1424 procu·

304 1449 477 1504 ratarum
495 1457 656 1532 munera
675 1435 886 1521 distribuit;
919 1436 1086 1524 interea,
1109 1421 1197 1502 rium
1213 1451 1264 1498 rex

237 1535 240 1541 ’
305 1537 438 1607 multis
459 1536 624 1626 negotiis
640 1549 859 1625 teneretur,
886 1536 1071 1626 processit
1087 1549 1204 1622 astas,
1224 1532 1264 1598 ita

304 1647 350 1705 ut
358 1659 469 1706 naves
487 1636 532 1704 ab
546 1637 710 1705 islandia
719 1636 878 1726 aliisque
889 1636 1057 1706 terrisin
1066 1633 1266 1745 Norvegiam
1311 1629 1312 1692 ἒ

304 1739 490 1832 venirent.
545 1741 648 1808 Turn
667 1738 769 1806 fama
786 1738 978 1907 allatum?
992 1750 1181 1828 receptam
1195 1732 1266 1826 legi-

220 1821 223 1846 ¹
304 1840 409 1908 bus
399 1863 439 1907 ιιι
454 1838 617 1908 Islandia
636 1839 882 1936 christianam
899 1838 1148 1932 religionem,
1171 1857 1267 1928 popu·

304 1944 466 2055 lunaque
490 1939 727 2030 baptizatum
753 1921 987 2012 universum.
1043 1932 1258 2034 Quibusg
1202 1959 1268 2004 co·

304 2040 414 2129 nitis,
456 2065 522 2108 rex
549 2042 689 2108 Olavus
711 2041 851 2132 oppido
872 2035 1042 2138 laetatus,
1085 2038 1269 2111 concilium

306 2133 543 2229 convocarit,
582 2137 742 2234 ipseque
764 2162 924 2235 surgens
953 2139 1007 2210 ita
1034 2143 1188 2210 locutus
1209 2149 1313 2208 est

303 2242 497 2314 laetissima
520 2266 580 2310 res
608 2265 654 2310 ex
675 2241 841 2312 Islandia
861 2243 908 2310 ad
925 2265 1033 2313 aures
1047 2253 1192 2312 nostras
1206 2261 1270 2331 per·

304 2342 428 2430 venit,
443 2335 664 2413 unii'ersum
677 2342 733 2412 ibi
747 2345 940 2435 populum
954 2343 1270 2430 christianumesse

302 2445 469 2527 factum3
507 2468 582 2534 qua
607 2445 652 2512 de
678 2466 721 2516 re
744 2445 816 2512 deo
832 2435 971 2537 gratias
989 2445 1190 2532 habentes,
1211 2464 1270 2509 om·

287 2547 439 2645 xnibuS,
475 2546 541 2634 qui
566 2545 647 2629 ejus
673 2545 799 2638 gentis
826 2545 983 2614 nornine
1008 2544 1186 2614 obsidum
1206 2547 1269 2612 loco

303 2647 394 2717 heic
416 2643 557 2714 retenti
579 2659 686 2733 sunt,
729 2645 881 2714 veniam
906 2647 1038 2714 damus
1061 2641 1270 2714 concedendi
1313 2663 1314 2672 ¹

306 2744 495 2862 quoquo
485 2748 575 2836 ipsis
590 2769 713 2816 visum
723 2745 852 2816 fuerit
906 2733 1063 2833 Kjartan
1074 2746 1181 2815 Olavr
1192 2747 1271 2813 srhus

305 2848 408 2943 regis
424 2848 645 2933 orationem
643 2845 800 2938 primus
813 2846 990 2916 omniurn
1006 2847 1175 2937 excepit:
1193 2843 1270 2914 mul·

304 2963 362 3019 tas
386 2948 480 3035 tibi,
515 2944 661 3038 inquit,
689 2946 864 3018 domine!
895 2971 964 3038 pro
983 2948 1055 3026 hac
1079 2948 1188 3016 venia
1212 2942 1269 3037 agi

275 3091 277 3101 ν
306 3071 393 3122 mus
405 3047 554 3140 gratias,
571 3071 690 3140 eaque
706 3061 895 3149 potestate
909 3049 1040 3132 nobis
1031 3073 1073 3116 m
1089 3047 1271 3117 Islandiam

304 3149 494 3222 redeundi
516 3149 615 3218 facta
640 3171 742 3218 nunc
769 3164 958 3218 utemur
996 3147 1070 3218 Cui
1092 3171 1177 3218 rex.
1208 3149 1271 3216 haec

307 3251 465 3343 quidem
488 3250 588 3319 dicta
611 3273 692 3319 non
714 3250 1035 3337 retractabimus,
1057 3272 1192 3318 verum
1210 3267 1271 3316 non

195 3347 197 3354 ’
267 3363 269 3371 ’
305 3351 390 3423 aliis
413 3351 561 3439 ιιιίιιιιε,
590 3373 705 3442 quarn
724 3349 814 3439 tibi,
843 3351 999 3437 Kjartan
1014 3349 1097 3420 haec
1115 3349 1269 3422 dictaro·

306 3453 471 3535 luimus3
514 3451 658 3521 etenim
681 3453 735 3520 ita
758 3451 990 3540 judicamus,
1019 3466 1069 3519 *te
1096 3453 1270 3520 nobiscum

306 3555 428 3646 magis
452 3553 559 3641 quasi
582 3552 750 3622 anticum
772 3556 800 3624 tc
819 3553 1033 3644 hospitem,
1061 3571 1176 3643 quam
1193 3547 1269 3618 obsi·

308 3652 417 3742 d'em,
431 3666 723 3722 'commoratum
737 3650 875 3738 fuisse3
912 3653 1021 3722 nolui
1037 3669 1145 3742 sane,·
1170 3666 1204 3720 te
1222 3649 1269 3715 de-

306 3751 445 3822 siderio
462 3751 635 3822 Islandiae
651 3755 795 3843 teneri,
824 3755 995 3846 quamvis
1006 3754 1148 3824 nrultos
1165 3727 1269 3820 ibino·

125 3867 129 3876 '
214 3846 236 3862 '⁸
305 3853 402 3923 biles
419 3849 766 3946 cornatoahabeas,
790 3879 898 3944 nam,
924 3853 1070 3954 siapud
1085 3879 1153 3924 nos
1171 3871 1268 3921 rema-

305 3975 399 4023 nere
409 3954 527 4044 cupio,
543 3974 727 4048 magnum
741 3953 930 4025 honorem
941 3955 1179 4046 consequeris
1192 3973 1268 4021 eam·

308 4075 383 4144 que
409 4055 643 4126 matrimonii
673 4055 963 4152 conditionemj
997 4055 1186 4150 qualem
1176 4077 1212 4123 m
1230 4051 1267 4118 ls-

194 4257 196 4267 Α
310 4267 338 4334 ¹)
354 4267 500 4346 aruncqlur
509 4309 518 4337 ,
540 4269 570 4366 C:
648 4282 651 4292 ⁴
