2640 4682
33 394 92 462 198
111 393 149 454 C.
377 394 658 429 ·“-““““·

380 438 648 457 Μ

33 599 176 689 burite,
196 601 318 674 autin
333 625 439 675 mare
464 599 608 693 ejicite,
643 599 714 671 alia
739 621 830 672 vero
853 600 1028 690 vicissim·

33 715 183 802 parate3
231 705 404 778 diabolus
444 706 548 774 enim
571 727 640 774 nos
658 702 711 772 ita
734 725 814 774 non
838 703 1026 796 decipiet,
1064 757 1069 770 t

31 814 73 868 ut
88 825 269 904 meorum
295 806 498 900 quisquam
513 797 700 874 venenato
713 803 818 874 illius
832 804 936 874 victu
956 829 1018 873 ve-

31 917 166 982 scatur.
203 907 277 977 Hic
294 929 431 976 revera
441 907 571 976 nullus
586 905 705 974 homo
721 903 808 994 fuit,
837 906 907 974 etsi
915 905 1029 974 visus.

33 1018 104 1092 est,
133 1005 202 1074 sed
224 989 396 1076 diabolus
417 1008 519 1100 ipse,
552 1006 670 1077 totius
687 1006 838 1097 generis
855 1005 1019 1076 humani
1068 1012 1073 1034 ‘
1113 1005 1116 1010 ⁴

29 1104 226 1195 inimicuS,
247 1100 415 1198 speciem
428 1107 555 1179 induit
568 1105 676 1176 infidi
694 1106 799 1174 illius
820 1105 964 1196 odinis,
976 1106 1020 1178 in

32 1229 145 1295 quem
164 1207 312 1276 ethnici
327 1207 824 1300 hominestlongotempore
845 1206 1015 1298 credide·

27 1320 137 1396 runt,
167 1331 361 1400 quemque
389 1310 506 1379 deum
536 1309 758 1392 coluerunt3
792 1330 895 1376 nunc
926 1330 1017 1376 vero
1116 1375 1120 1382 ,

30 1409 214 1498 ostendit,
240 1433 278 1479 se
292 1411 509 1480 ferventem
524 1407 691 1477 ardentis
709 1406 859 1476 invidiae
881 1419 1019 1478 aestum

29 1511 193 1578 tolerare
212 1534 290 1579 non
298 1533 428 1601 posse,
455 1532 545 1579 curn
558 1529 765 1578 numerum
782 1529 941 1577 suorum
962 1507 1018 1576 di-

29 1609 150 1679 minui
164 1610 303 1700 vident,
321 1611 542 1680 hominibus
560 1608 784 1701 potestati&
799 1608 1024 1678 voluntario.
1127 1623 1130 1630 ’

27 1710 240 1782 ministerio
268 1713 328 1782 dei
342 1711 617 1802 omnipotentis
638 1733 678 1780 se
706 1709 1016 1806 subjicientibus,

30 1835 142 1902 quam
171 1811 231 1880 ob‘
251 1833 406 1882 causam
429 1833 500 1882 nos
528 1811 729 1882 malitiosae
760 1808 905 1878 astutiae
928 1809 1015 1899 reti,

30 1912 126 2002 quod
141 1911 505 1984 fraudulentisdolis
523 1912 687 1981 tetendit
705 1909 931 2004 (inescavit),
956 1933 1016 1980 ca·

28 2035 114 2102 pere
140 2027 286 2102 tentat,
324 2035 414 2083 cum
434 2013 699 2104 tempestivam
719 2012 890 2102 quietem
906 2009 1017 2080 nobis

28 2115 195 2182 tardaret
213 2129 250 2184 et
262 2115 480 2205 impediret,
505 2117 551 2182 e'o
574 2113 745 2202 consilio,
772 2125 816 2180 ut
829 2133 901 2180 nos
915 2110 1015 2198 iden,

29 2217 157 2284 somne
171 2217 325 2308 gravati,
352 2215 606 2290 donstituturn
623 2227 779 2303 tempus
794 2210 913 2280 divini
935 2212 1015 2280 cul·

27 2329 82 2382 tus
113 2329 184 2384 aut
215 2319 479 2386 omitteremus
509 2328 579 2384 aut
609 2314 764 2382 omnino
800 2311 1014 2405 negligere-

27 2417 495 2510 mus3facile(fieriputest
514 2413 1014 2506 ¹),utnonnullaeejusastu·
1060 2501 1062 2510 χ

27 2517 84 2584 tiae
105 2521 269 2611 posthac
295 2531 522 2610 appareant,
570 2513 640 2584 etsi
668 2536 748 2584 non
775 2536 1010 2583 enumerem.

30 2618 218 2712 Quicquid
230 2619 396 2709 tandem,
421 2630 561 2708 praeter
574 2616 647 2686 hoc
665 2614 767 2707 qudd
782 2603 928 2684 dictum
943 2628 1012 2702 est,

29 2723 227 2790 consilium
251 2719 371 2789 fuerit
395 2719 476 2788 veri
502 2717 624 2786 nostri
647 2714 815 2802 inimici,
859 2713 1012 2803 diaboli,

29 2819 220 2907 quodheri
233 2843 390 2912 vespere
401 2837 577 2888 somnum
591 2816 702 2886 nobis
718 2814 902 2900 tardarit,
934 2838 1014 2885 non
1091 2852 1096 2866 κ
1176 2858 1179 2870 ‹

28 2918 237 3012 insperanti
252 2921 350 2990 mihi
369 2917 575 3008 ceciderit,
609 2916 650 2986 id
667 2917 699 2984 si
720 2915 848 3006 aliqua
864 2915 1011 3004 ratique

28 3019 95 3092 hoc
123 3023 186 3091 die
207 3023 374 3109 eveniat,
408 3019 551 3106 utjam
572 3015 792 3110 significavi.
845 3017 915 3086 His
935 3014 1012 3082 dic-

28 3121 70 3189 tis
89 3147 157 3192 rex
175 3119 342 3193 adsacra
362 3120 586 3191 celebranda
598 3118 687 3206 ivit,
714 3115 903 3209 missaque
926 3136 1013 3183 can·

28 3234 100 3292 tata
124 3238 190 3293 est.
305 3260 311 3271 1
376 3247 379 3254 ’

28 3393 229 3488 Eyvinduc
255 3391 382 3470 Kelda
409 3391 465 3460 ad
487 3383 801 3484 'Ogvaldrnerum
828 3381 1013 3483 appellit.

126 3527 308 3618 Cap.198.
361 3529 474 3597 Nunc
499 3525 593 3592 illuc
618 3520 877 3608 redeundum,
910 3516 1021 3610 quod·

28 3621 93 3696 hac
120 3629 252 3697 eadem
283 3641 395 3697 nocte
421 3623 595 3717 paschali·
614 3621 808 3716 Eyvindus
824 3619 941 3692 Kelda
966 3617 1014 3689 ad
1059 3643 1061 3648 ’

28 3723 188 3798 insulam
200 3728 369 3818 appulit,
384 3727 602 3818 longanave
618 3726 767 3810 vectus,
792 3719 1014 3810 quaeincan·
1113 3747 1119 3756 ·

29 3830 208 3899 tatoribus
222 3842 261 3896 et
270 3829 365 3904 ¹uiris
377 3826 523 3895 artium
532 3822 771 3918 magicarum
786 3819 919 3912 peritis
933 3821 1014 3910 ple·

29 3947 74 3995 ne
94 3931 280 4000 instructa
302 3940 394 3998 erat.
448 3925 640 4020 Eyvindus
663 3947 708 3993 ac
733 3922 793 3993 sui
818 3939 948 3990 ornnes
972 3918 1014 3993 in

27 4068 289 4092 -ι--ι-δ-ιι-ι-ιιιι

36 4149 62 4218 ¹)
80 4153 182 4224 videtur
198 4158 346 4211 excidisse:
372 4153 432 4226 „md
446 4153 540 4221 'tiras'
558 4151 617 4206 fieri
632 4165 725 4225 potest.
795 4224 815 4294 I

82 4258 107 4307 2·
113 4258 118 4267 ἱ
125 4257 181 4312 vola
