2680 4678
357 361 452 459 ost
564 385 567 392 ·
650 386 939 468 -··.....-..,.·-.-.·.ε,
998 469 1003 478 .
1045 451 1048 458 ,
1179 384 1285 472 ιιιι.

158 583 167 612 “
295 600 473 676 Eirikum
483 611 670 690 satrapam
686 592 843 668 insidias
859 619 895 666 er
882 592 1119 668 collocasse
1137 595 1233 664 curn
1245 588 1291 660 in

196 784 200 810 l
296 703 397 772 victo
422 698 614 788 exercitu,
651 719 790 798 magna
812 699 1084 770 benevolentia
1106 710 1248 789 regem·
1261 715 1292 760 o·

292 827 402 893 sane,
438 823 488 870 ne
506 798 549 868 in
565 797 720 870 insidias
736 784 908 872 bostium
922 822 1086 870 suorum
1108 819 1152 866 se
1168 793 1292 887 praeci·

296 907 478 997 piteretu
472 903 582 972 Rex
598 922 689 970 vero
707 897 897 993 reposuit:
910 892 1293 992 haudquaquamdil

296 1007 419 1076 feram
443 1000 725 1094 profectionem
747 1025 875 1072 meam
903 1003 952 1072 ob
983 1003 1082 1072 tales
1111 1015 1291 1086 rumores,

195 1153 198 1160 .
298 1129 393 1198 quos
417 1103 588 1174 nesciam
608 1125 657 1172 an
673 1101 754 1172 veri
771 1103 869 1188 sint,
903 1125 995 1208 narn
1013 1101 1171 1172 amicus
1191 1117 1294 1170 meus

297 1204 508 1300 Sigvaldius
530 1203 736 1274 certiorem
759 1202 874 1274 faciet
900 1197 986 1293 me,
1025 1203 1061 1273 si
1083 1223 1185 1295 quas
1207 1195 1294 1270 mihi

296 1313 460 1401 paratas
470 1304 619 1375 noverit
636 1303 804 1376 insidias.
863 1304 1093 1394 Enim'vero,
1123 1297 1295 1396 quamvis

295 1432 385 1479 vera
401 1428 483 1476 esse
495 1429 589 1497 quae
585 1405 945 1522 dicisperspectum
955 1404 1163 1495 haberem,
1173 1418 1295 1474 tamen

254 1547 260 1559 ι
297 1527 546 1602 congressum
563 1529 651 1580 cum
663 1505 937 1578 inimicismeis
954 1527 1035 1582 non
1047 1505 1185 1612 forem
1204 1501 1294 1574 deri

296 1625 465 1698 taturus,
504 1629 596 1679 narn
617 1630 735 1708 penes
759 1605 877 1680 deum
903 1621 983 1698 est,
1017 1605 1199 1703 regnum
1217 1603 1294 1674 dare

297 1699 702 1808 cuicunquevoluerit
756 1715 863 1788 Tum
875 1707 1045 1782 Astrida:
1069 1709 1295 1801 itaqueora·

296 1829 381 1882 turn
393 1826 437 1882 te
446 1813 554 1900 volo
569 1823 614 1882 ut
626 1808 731 1902 quod
742 1810 845 1882 ferre
862 1825 999 1903 potero
1009 1809 1213 1880 auxillum
1222 1829 1294 1876 eva
1336 1799 1337 1874 l

298 1913 431 2003 dendi,
458 1913 491 1980 si
498 1910 611 1982 forte
633 1923 750 2002 opus
753 1913 826 1984 tibi
841 1911 980 2004 fuerit,
1013 1912 1203 2003 accipere
1227 1927 1294 1978 non
1336 1883 1337 1964 l

297 2011 528 2106 dedigneris.
583 2011 801 2104 Accipiam,
837 2015 891 2090 ait
910 2036 1000 2102 rex,
1027 2010 1061 2080 si
1082 2008 1294 2106 postulabit

295 2115 515 2230 necpssitas.
569 2109 846 2210 Quibussdictis
856 2113 1016 2212 digressi
1030 2108 1194 2206 sunt*).

364 2283 544 2378 (next
493 2248 644 2356 olavus
670 2259 717 2353 eo
745 2283 997 2356 Vindlandia
1024 2281 1233 2380 navigat.)

399 2418 491 2510 Cap.
514 2421 589 2492 247
643 2418 729 2512 Quo
755 2415 816 2487 die
857 2442 925 2488 rex
962 2420 1105 2489 ΟΙιιιιε
1137 2419 1291 2488 classem

296 2541 343 2590 ex
360 2533 477 2614 portu
489 2509 621 2610 solvit,
648 2515 875 2612 exiguus**)
892 2521 1059 2612 spirabat
1074 2533 1231 2609 ventus,
1245 2539 1291 2584 se·

296 2620 444 2693 cundus
459 2634 611 2707 tamen,
640 2643 730 2698 cum
741 2643 856 2690 naves
876 2620 1030 2716 longius
1046 2643 1067 2690 a
1084 2633 1196 2692 terra
1216 2637 1290 2712 pro·

297 2722 517 2806 cessissent;
537 2743 649 2792 naves
660 2736 792 2792 autern
789 2722 968 2806 minores
983 2722 1290 2792 celeriorecursu

294 2820 337 2894 in
360 2823 482 2892 altum
504 2821 638 2892 delatae
650 2835 785 2891 ventos
787 2817 988 2894 secundos
1008 2833 1288 2939 praeceperunt

296 2923 470 3016 Satrapa
476 2945 567 2994 vero
590 2923 718 3020 Sigval
721 2923 821 3037 dius,
847 2924 914 3017 qui
928 2913 1051 3017 prope
1066 2925 1221 3018 regiam
1234 2943 1288 2992 na·

294 3047 385 3096 vem
387 3021 654 3115 vehebatur,
677 3023 802 3120 regios
838 3024 1069 3113 inclamans,
1122 3019 1289 3116 sesequi

180 3155 182 3163 s
294 3125 409 3214 jussit
441 3126 597 3197 ducem:
647 3140 739 3196 nota
760 3126 861 3196 mihi
890 3139 981 3196 sunt
999 3128 1116 3217 loca,
1158 3122 1286 3217 inquit,

295 3225 391 3296 ubi
380 3239 481 3298 mter
495 3227 640 3297 insulas
660 3249 807 3320 perque
823 3226 920 3298 freta
940 3227 1177 3318 profundius
1192 3235 1287 3318 patet

244 3413 250 3424 Ι
294 3351 423 3416 mare,
452 3327 556 3422 quod
577 3328 702 3418 vobis,
728 3327 797 3420 qui
814 3329 1026 3435 majoribus
1049 3328 1214 3400 navibus
1234 3347 1286 3392 re-

291 3427 455 3530 himini,
479 3429 742 3500 necessarium
756 3442 822 3506 est.
877 3431 935 3500 Ita
949 3427 1104 3520 satrapa
1118 3423 1287 3500 cumsuis

291 3511 454 3598 navibus
479 3529 662 3621 praeibat,
698 3553 767 3600 rex
791 3553 880 3611 cum
901 3529 1115 3617 majoribus
1132 3529 1286 3600 navibus

277 3659 279 3665 2
295 3627 610 3722 subsequebatur
666 3629 855 3724 Sigvaldio
873 3646 1004 3702 autem
1018 3631 1285 3724 'satrapaeinsu-

222 3749 230 3766 ¹
293 3731 374 3802 lam‘
393 3732 591 3804 valdram
616 3731 822 3817 accedente
841 3732 943 3803 obvii
958 3747 1154 3804 venerunt
1168 3727 1283 3801 homi·

292 3854 382 3920 nes,
410 3856 506 3908 nave
533 3833 702 3902 cursoria
722 3834 842 3923 vecti,
876 3834 1123 3924 nuntiantes,
1151 3829 1284 3904 exerci

288 3945 380 4001 turn
407 3934 508 4026 regis
534 3937 736 4005 Danorum
759 3950 798 4004 et
820 3937 920 4030 regis
955 3885 1161 4014 Stionurb
1165 3931 1256 4003 ibi
1247 3951 1281 3998 ur

292 4032 410 4124 portu
444 4033 673 4154 praejacente
700 4048 814 4108 stare.
881 4027 1024 4132 Quare
1039 4051 1186 4130 satrapa
1206 4031 1280 4100 sela
1333 4035 1334 4088 ῑ

245 4327 248 4332 ¹
294 4245 420 4316 *lpostea
439 4269 493 4302 ιιοιι
511 4256 628 4310 invicem
643 4259 695 4313 visi
705 4295 714 4323 ,
736 4255 798 4310 aad.
815 4258 848 4312 Β.
896 4256 942 4328 “J
950 4277 1082 4332 perquam
1102 4255 1275 4331 plantandi

418 4359 421 4366 .
601 4345 611 4372 ι
