2646 4678
338 381 402 502 so
572 437 573 444 ψ
806 329 808 338 ’
899 371 901 386 ’
1003 367 1296 465 ²c.ao-40.

287 609 498 694 duxerunt,
538 590 672 696 ibique
712 621 899 700 perquam
932 594 999 670 diu
1033 600 1297 692 commorati,

147 707 149 714 ’
213 749 215 756 s
288 733 423 800 census
456 720 494 780 et
519 705 662 776 tributa
684 702 877 774 anulonis
898 719 1117 796 exegerunt.
1189 705 1297 778 ver:

287 825 403 905 gente
425 819 563 895 aestate,
590 804 775 900 Sigurdus
792 799 894 872 Slefe
918 814 957 872 et
983 823 1051 873 rex
1072 805 1297 878 Gudriidus

198 951 201 964 ·
286 913 342 982 ibi
361 903 645 996 remanserunt,
672 903 862 978 Haraldus
880 925 984 988 vero,
1011 921 1050 976 et
1067 905 1192 976 ceteri
1214 905 1297 975 fra-

287 1027 384 1100 tres,
402 1032 493 1090 cum
509 1007 626 1100 copiis
633 1003 843 1092 navalibus,
860 1025 943 1094 quae
961 999 1049 1076 illos
1066 1005 1138 1090 hac
1149 1020 1297 1078 aestate

203 1117 206 1126 “
290 1135 337 1182 eo
354 1105 689 1200 secutaefuerant,
703 1105 878 1200 regiones
898 1103 1152 1204 adorientem
1177 1108 1297 1199 posi-

184 1293 186 1306 ,
287 1227 344 1302 tas
356 1201 585 1305 petiverunt.
804 1243 806 1252 ¹
900 1278 932 1290 ,Α

498 1312 634 1408 Coedos-
647 1308 749 1406 rogis
764 1305 926 1400 Sigurdi
943 1307 1071 1404 Slefoe.

343 1412 434 1503 cap.
459 1415 511 1484 to.
539 1409 725 1502 Sequenti
747 1420 934 1478 autumno
961 1409 1100 1482 Hakon
1119 1405 1298 1501 dynasta

290 1512 341 1585 ad
359 1508 603 1606 Helsingiarn
632 1510 751 1608 claste
774 1507 971 1598 advectus,
1004 1508 1211 1580 subductis
1238 1511 1298 1581 ibi

291 1615 335 1686 in
358 1601 501 1684 terram
521 1612 701 1708 navibus,
729 1608 906 1684 terrestri
929 1609 1066 1682 itinere
1088 1633 1162 1704 per
1181 1617 1295 1683 Jam-

210 1719 219 1734 ”
291 1715 386 1812 tiam
412 1727 451 1782 et
473 1712 733 1807 Helsingiam,
766 1705 904 1782 deinde
927 1731 997 1800 per
1020 1712 1220 1802 Catinam,
1251 1714 1299 1786 in

232 1820 234 1824 ’
293 1813 625 1890 Thrandheirnum
641 1813 854 1904 descendit,
880 1809 1175 1883 ubiconfluente
1195 1837 1295 1883 mox

292 1917 341 1986 ad
357 1939 447 1986 eum
463 1907 1010 2011 magnamultitudinepopuli,
1026 1938 1138 1984 naves
1155 1915 1295 1984 milite

295 2016 511 2108 complevit.
565 2019 649 2110 Quo
661 2016 825 2112 cognito,
845 2014 1079 2088 Gunuhildae
1090 2013 1174 2104 filii,
1190 2039 1293 2086 -con-

294 2116 435 2210 scansis
449 2117 617 2204 navibus,
627 2131 836 2204 excurrunt
853 2140 875 2188 e
889 2113 993 2204 siunt
1018 2117 1176 2211 dynasta
1194 2138 1293 2186 vero

292 2209 452 2309 Hekou,
490 2217 649 2303 Hladas¹
666 2217 881 2310 profectus,
920 2218 975 2289 ibi
1009 2241 1079 2310 per
1110 2217 1295 2288 hiemem

232 2371 237 2380 -
297 2331 662 2406 commoratusest,
703 2317 934 2394 Girnnhildae
961 2317 1049 2388 filiis
1082 2319 1124 2388 in
1148 2318 1300 2402 Maeria

156 2493 163 2508 .
272 2415 541 2507 ''sedentibuss
591 2418 685 2510 hinc
716 2421 901 2522 utrinque
923 2419 1216 2494 incursionibus
1253 2431 1300 2489 et

298 2519 464 2596 caedibus
493 2543 535 2592 se
570 2518 707 2590 mutu'o
739 2522 983 2598 lacessebant.
1045 2523 1185 2593 Hekon
1226 2521 1294 2616 dy·

296 2634 407 2696 nasta
431 2645 595 2722 regnum
623 2643 739 2691 suum
772 2615 813 2694 iri
843 2622 1144 2698 Thrandheimo'
1172 2635 1293 2692 tenu·

296 2727 350 2813 it,
398 2723 532 2816 ibique
576 2722 782 2815 saepissime
817 2746 887 2818 per
921 2728 1069 2798 hiemes
1109 2741 1293 2794 moratus

217 2884 219 2892 ,
300 2831 379 2913 est}
419 2846 489 2918 per
505 2831 838 2916 aestatesautern,
863 2851 989 2898 mere·
1005 2825 1193 2898 orientale
1233 2827 1292 2894 in·

298 2949 458 3026 gressus,
492 2923 693 3016 piraticam
727 2927 949 3018 exercebam
992 2925 1062 3014 sed,
1086 2925 1292 3002 interdurn

137 3102 139 3111 ,
256 3035 259 3099 ἶ
299 3051 370 3120 per
391 3029 535 3098 aestates
551 3024 894 3110 in-Thrandheimo
912 3041 1190 3114 commoratus,
1230 3049 1293 3097 ex-

299 3128 476 3221 peditum
494 3127 706 3194 exercitum
726 3115 878 3210 habuit;
919 3151 1036 3222 quare
1053 3125 1291 3200 Gunnhilde

300 3229 390 3299 filiis
412 3229 458 3298 ab
482 3225 661 3319 aquilone
678 3225 782 3295 Stadi
809 3229 989 3312 menendi
1015 3242 1182 3320 potestas
1209 3251 1292 3300 nou

245 3419 247 3426 y
301 3329 388 3403 fuit.
442 3331 582 3401 AEstate
606 3325 778 3423 quadarn¹
793 3328 980 3400 Haraldus
999 3329 1201 3408 Grafeldus
1222 3329 1291 3424 (ci-

216 3451 220 3464 ·
300 3453 418 3500 nereo
437 3449 526 3521 sago
540 3425 714 3522 indutus)
731 3449 826 3502 cum
837 3431 1006 3502 exercitu
1023 3425 1065 3500 in
1081 3431 1292 3517 Bjarmiam

301 3530 539 3624 profectum,
564 3526 708 3618 praedas
724 3531 877 3623 agebat,
899 3529 1171 3630 ingentemque
1191 3552 1292 3626 pug-

124 3631 128 3640 ’
165 3625 168 3638 ’
199 3677 202 3692 »
302 3655 393 3708 narn
411 3654 501 3701 curn
511 3627 669 3716 Bjarmis
684 3628 725 3698 in
741 3629 939 3722 ripaVinae
955 3633 1156 3722 commisit,
1174 3653 1290 3725 supe·

302 3730 457 3822 riorque
473 3719 655 3818 discessit,
671 3749 807 3824 magna
820 3726 920 3800 edita
927 3729 1133 3802 hominum
1143 3746 1290 3826 strage;

177 3919 179 3928 y
203 3847 210 3871 “
306 3829 443 3902 deinde
460 3830 657 3928 regionem
676 3825 753 3899 late
761 3830 931 3922 vastavit,
955 3833 1180 3927 ingentique
1194 3857 1290 3926 prae

306 3933 353 4000 da
374 3932 519 4022 potitus
535 3943 600 4002 est.
653 3927 714 4002 sic
734 3927 825 4002 'dicit
841 3933 1143 4045 GlumusxGeirii
1164 3933 1287 4006 filius:

245 4026 248 4037 s
304 4035 575 4054 -a—q--n——n

343 4065 372 4142 ,')
395 4061 427 4115 de
446 4061 495 4114 heo
515 4059 683 4132 expeditione
702 4062 862 4114 mentionem
878 4081 985 4134 quoque
1003 4064 1067 4118 feeit
1090 4067 1146 4118 vita
1162 4066 1288 4120 Komakt

234 4176 236 4186 ·
305 4177 384 4214 mser.
405 4151 471 4224 an.
482 4141 542 4220 tt,
560 4167 622 4222 quae
641 4169 698 4204 erm
714 4151 749 4206 ed
768 4173 865 4206 annum
882 4154 935 4210 965
948 4154 1050 4242 'referre
1069 4155 1184 4211 videtur.
1229 4175 1236 4190 ·
