2634 4682
31 391 191 474 raso„
401 396 674 466 ··-...-.-,-,.-..-·-
793 382 962 499 Ι,213

32 627 134 675 mus.
190 607 322 676 Jam
294 629 325 677 sr
340 609 371 676 is
386 627 499 676 verus
482 603 631 693 sdeus,
650 601 718 697 ῳιι
706 606 854 678 solem
854 607 1032 726 creavit,

32 722 93 777 ut
92 706 296 776 mundum
319 705 517 778 collustret
535 722 574 775 et
593 705 808 798 calefaciat,
834 709 941 800 sique
963 710 1026 778 illi

32 807 243 878 clementia
264 819 303 876 et
320 807 469 893 justitia
486 809 584 876 bene
610 809 813 898 probatur,
846 825 890 885 ut
909 809 1024 878 fando

29 909 261 996 audivimus,
274 907 384 977 nobis
402 925 510 993 snam
520 906 825 980 misericordiam
835 910 1024 1000 exhibeat,
1038 925 1045 937 ·

29 1025 74 1080 ut
91 1031 184 1079 vere
202 1008 367 1099 experiri
384 1009 591 1099 possimus,
619 1033 709 1078 eum
726 1025 938 1082 creatorem
954 1011 1024 1080 ho-

29 1111 187 1181 minum
205 1131 304 1198 esse,
317 1122 534 1200 notumque
550 1109 739 1178 mundum
757 1111 970 1204 gubernare
984 1119 1024 1180 et
1102 1127 1110 1145 ·

27 1231 168 1306 regere
189 1228 323 1302 posset
349 1223 426 1302 qu'o
446 1209 547 1278 facto
573 1209 639 1278 illi‘
654 1210 769 1279 fidem
783 1211 1022 1310 habebimus,
1090 1284 1092 1287 ,

27 1314 263 1404 nullumque
277 1311 392 1380 deum
410 1313 600 1398 colemuS,
614 1325 753 1400 praeter
766 1311 878 1382 illum
866 1335 1022 1403 unum,
1035 1367 1042 1400 ,
1110 1331 1117 1362 ¹

28 1436 169 1482 terum
184 1426 223 1480 et
243 1409 425 1482 beatum
414 1433 456 1480 ιιι
475 1434 543 1480 sua
557 1426 758 1502 potestate
811 1393 913 1481 Cum
930 1437 1021 1482 vero
1068 1431 1103 1451 '¹

29 1523 187 1602 ornnes,
213 1512 280 1604 qui
297 1535 343 1581 eo
362 1526 635 1601 convenerant,
663 1515 790 1582 omnia
807 1537 890 1604 quae
908 1535 1044 1614 expo-

29 1615 169 1684 suisset
180 1617 209 1682 lc
220 1595 372 1682 locutios
386 1612 539 1706 fuisset,
565 1562 636 1682 sibi
652 1609 1022 1706 placereaffirr'nave-

27 1729 134 1802 rant,
162 1729 392 1784 conventum
406 1737 448 1781 re
462 1663 573 1807 italge
575 1713 632 1782 sta
647 1715 919 1800 dissolverunt5
933 1737 1021 1784 acu-

28 1817 222 1883 tissimum
245 1835 291 1882 eo
313 1825 489 1905 tempore
513 1815 635 1908 frigus
662 1829 701 1882 et
726 1817 835 1908 gelu,
869 1828 1020 1896 utente

29 1917 94 1987 diu
108 1915 257 2004 fuerat,
282 1915 464 2006 ventique
476 1915 648 1985 boreales
666 1915 881 2000 saevissimi3
915 1928 1019 1984 terra

28 2015 154 2086 omnis
172 2016 295 2109 glacie
316 2029 355 2084 et
366 2015 572 2086 'durissima
588 2016 736 2085 nivium
753 2017 1019 2109 congelatione

29 2129 209 2205 crustata,
233 2116 289 2186 ita
302 2130 346 2185 ut
360 2129 524 2186 exstaret
539 2117 734 2207 nuspiam,
760 2117 826 2186 sed
843 2117 1018 2209 proxima
1113 2197 1115 2204 Α

28 2219 73 2286 ab
101 2218 177 2285 hoc
204 2223 396 2302 concentu
423 2221 564 2307 nocte,
595 2211 754 2286 varietas
780 2218 866 2288 coeli
891 2217 1018 2288 divina

28 2316 263 2409 providentia
284 2323 365 2386 ta’m
390 2318 465 2388 cito
488 2332 636 2416 mutata
661 2318 737 2408 est',
775 2333 821 2387 ut
839 2318 1019 2410 proximo
1068 2387 1071 2394 ,

27 2437 141 2492 mane
165 2418 288 2487 omnis
313 2420 405 2512 gelu
432 2419 572 2488 saevitia
592 2419 809 2508 evanuerit,
857 2421 1016 2513 ejusque

28 2521 112 2589 loco
132 2518 286 2610 tepidus
300 2533 429 2591 auster
451 2534 489 2589 et
503 2517 717 2589 suavissimi
725 2519 917 2590 siccorum
926 2543 1016 2593 ven·

27 2635 157 2692 torum
170 2621 282 2716 flatos
293 2621 563 2706 successerint5
579 2612 757 2712 deinceps
768 2619 918 2711 placida
928 2619 1016 2689 coeli

27 2731 233 2812 tempestas
258 2720 436 2810 existere,
472 2711 577 2806 nives
605 2721 653 2791 ad
671 2719 760 2790 solis
783 2721 950 2816 calorem
969 2719 1015 2790 li·
1093 2753 1094 2760 ι

26 2843 231 2911 quescere,
250 2822 368 2892 'terra
392 2817 543 2892 nivibus
564 2821 687 2890 indies
706 2841 925 2916 emergere,
957 2821 1014 2890 ita

28 2936 70 2990 ut
83 2943 215 2992 omnes
231 2922 399 3014 pecudes
413 2922 521 2994 brevi
537 2922 626 2992 satis
641 2921 859 3014 acciperent
875 2921 1014 3018 grami·
1042 2944 1045 2952 ’
1103 2953 1110 2970 ι

28 3023 84 3092 nis
106 3024 149 3092 in
171 3023 231 3092 sui
253 3023 499 3110 alimentum,
527 3046 645 3116 quare
668 3046 821 3113 omnes,
849 3021 916 3112 qui
939 3023 1035 3092 cle-'

28 3123 147 3193 menti
162 3125 320 3194 consilio
334 3125 381 3195 ab
396 3129 544 3196 Arnore
563 3123 650 3194 dato
666 3123 839 3193 obsecuti
847 3122 1013 3211 fuerant,

27 3246 167 3318 magno
201 3225 341 3318 gaudio
377 3217 625 3315 laetabantur,
680 3223 811 3294 statim
845 3221 1014 3292 vicissim
1067 3217 1069 3223 ’
1134 3215 1138 3224 ’

27 3325 253 3420 accipientes
264 3329 418 3421 largum
435 3327 552 3396 divini
569 3325 740 3420 muneris
753 3323 1012 3410 „beneficium

26 3425 113 3495 hinc
141 3433 273 3498 ornnes
297 3428 469 3526 curiales,
483 3427 636 3500 Arnoris
658 3425 953 3518 Kerlingarnelis
975 3424 1012 3516 ¹)
1089 3477 1091 3483 ,

27 3526 200 3597 lubentes
228 3543 266 3598 et
287 3529 367 3599 laeti
383 3549 552 3598 unacum
566 3527 741 3619 principe
756 3549 825 3596 suo
842 3539 1013 3594 sanctam
1088 3563 1092 3569 ,

26 3627 250 3716 probitatem
271 3632 411 3723 (sacros
428 3629 541 3721 ritus)
558 3651 657 3700 verae
672 3625 870 3722 rehgroms
879 3647 1012 3717 accep
1038 3697 1044 3700 ,
1166 3634 1169 3641 “

26 3729 171 3845 tabant,
190 3755 274 3822 quae
288 3733 502 3822 paulopost
514 3729 592 3800 illis
606 3725 902 3821 praedicatafnit,
921 3747 1012 3800 narn

27 3832 153 3918 paucis
184 3831 377 3904 hiemibus
408 3821 618 3918 interjectis
647 3829 783 3922 religio
806 3825 1012 3898 christiana
1120 3903 1123 3921 Ι

27 3947 92 4017 per
106 3947 228 4004 totam
248 3931 456 4002 islandiam
475 3931 624 4034 legibus
643 3942 800 4020 recepta
818 3941 885 3998 est.
940 3931 1011 3997 Ar

28 4049 94 4100 nor
114 4033 384 4130 Kerlingarnef
395 4031 471 4102 luit
489 4025 593 4104 filins
606 4021 771 4128 Bjilrnis,
797 4029 867 4099 lilii
886 4013 1010 4104 Thor-

28 4179 291 4202 *Qu—...-

32 4243 120 4315 1)ίιιιιι
135 4257 186 4308 viri
203 4275 281 4328 qnam
302 4254 427 4321 semna,
445 4251 478 4306 F·
574 4251 576 4260 ¹
