2634 4682
25 383 135 477 nac,
383 402 656 493 ''.'''¹¹'''''
854 383 940 476 171

26 641 138 714 quam
160 613 348 716 corporis,
381 613 558 686 adversus
579 633 711 702 omnes
725 611 901 693 inimicos
918 618 1006 690 visi

26 723 117 792 biles
140 734 179 790 et
186 719 429 807 invisibiles,
455 729 502 804 ut
516 715 711 788 evidenter
717 720 1003 833 comperimus,

28 820 310 914 cumhocsigno
324 797 874 912 inDanianosinsignivimus,
885 823 1004 916 longo

25 937 109 992 ante
127 935 303 1013 tempore
325 943 440 1012 quam
457 939 561 988 sacro
578 916 685 988 fonte
692 919 814 990 ablut1
822 944 1002 994 essemus.

27 1023 94 1093 Sed
106 1023 279 1115 quamvis
297 1020 438 1090 diaboli
453 1041 521 1088 nos
536 1020 1004 1116 palamtentareaudeant,

25 1137 150 1194 tamen
173 1119 296 1194 nihilo
314 1121 441 1191 minus
459 1118 682 1189 christianos
699 1119 875 1193 homines
893 1123 1008 1206 valde

25 1237 219 1320 metuunt,
243 1245 309 1314 qm
297 1220 479 1313 quidem
493 1219 700 1290 fiduciam
689 1243 731 1290 1n
741 1222 812 1292 deo
827 1237 866 1294 et
874 1237 1005 1296 sancto

25 1325 208 1440 baptismo
222 1336 437 1438 reponant,
452 1320 511 1392 uti
526 1323 838 1436 nuncapparuit,
865 1324 1007 1394 namhi
1080 1363 1084 1370 ,

25 1419 188 1516 inimici,
213 1424 281 1516 qui
296 1443 399 1492 nunc
414 1435 453 1492 et
468 1421 606 1493 nudius
617 1423 751 1493 tertius
765 1413 877 1494 nobis
891 1435 1005 1517 appa·

25 1540 198 1615 ruerunt,
224 1545 339 1640 quam
356 1523 522 1594 maxime
538 1545 608 1593 nos
625 1523 852 1616 devitarunt,
866 1538 912 1595 ut
926 1526 1006 1617 pri-

25 1649 144 1718 mum,
172 1625 407 1720 quiessent,
434 1623 706 1696 intelleximus,
762 1627 1005 1722 Quapropter

26 1727 180 1798 summis
213 1725 389 1822 laudibus
429 1723 627 1795 dominum
661 1741 837 1800 nostrum
874 1730 1037 1798 Jesum'

27 1827 218 1898 Christum
230 1826 390 1917 ejusque
406 1838 575 1896 sanctam·
588 1846 744 1898 crucem
761 1829 843 1898 sine
857 1827 933 1896 fine
943 1850 1005 1896 ce·
1024 1865 1027 1872 ·

26 1929 165 2000 lebrare
191 1927 385 2000 debemus.
447 1924 635 2006 Hisactis
663 1951 732 2000 rex
765 1929 905 2000 Olavus
921 1927 1005 1996 iter

27 2051 131 2100 suum
149 2026 339 2122 perrexit,
367 2025 487 2098 donec
501 2019 545 2097 in
560 2027 799 2118 provinciam
814 2027 1005 2102 Naumda·
1049 2055 1053 2063 ·

26 2129 185 2200 lensium
201 2126 394 2222 pervenit,
427 2125 495 2197 ubi
510 2127 746 2220 aliquamdiu
771 2152 861 2200 cum
883 2128 1003 2220 copiis

27 2231 93 2299 suis
109 2243 368 2300 commoratus
382 2240 461 2319 est,
484 2219 574 2298 cum
585 2244 719 2301 ventus
736 2244 909 2316 austrum
921 2253 1004 2300 ver·

26 2330 263 2411 sustendenti
278 2330 476 2400 adversum
486 2341 647 2400 teneret.
663 2374 666 2387 1
700 2331 814 2426 Regii
828 2354 918 2400 vero
932 2329 1004 2398 mi·

27 2431 103 2502 lites
125 2433 229 2502 fama
247 2442 498 2523 acceperunt,
532 2431 818 2502 Naumudalum
837 2431 1003 2526 giganti·

26 2531 88 2600 bus
98 2547 137 2602 et
152 2532 263 2602 malis
277 2530 399 2626 geniis
408 2529 529 2625 magis
544 2529 766 2602 infestatum
777 2553 872 2621 esse,
886 2555 1004 2623 quam

27 2632 91 2700 alia
110 2633 309 2726 Norvegiae
329 2623 434 2720 loca,
468 2629 572 2722 quod
592 2621 739 2702 malum
764 2632 890 2701 adeo
879 2655 1003 2701 incre·

26 2729 162 2824 buerat,
189 2750 234 2802 ut
248 2733 336 2803 inde
349 2755 371 2800 a
385 2747 510 2801 morte
523 2731 676 2803 Hakoni
691 2747 849 2824 satrapae
868 2728 973 2802 ibi
939 2756 1003 2801 vix

26 2843 99 2902 tuto
116 2833 281 2903 habrtarr
289 2845 425 2924 posset.
479 2833 561 2903 Rex
576 2846 708 2904 autem
724 2835 864 2904 Olavus
875 2832 1002 2928 ¹regio-

27 2953 107 3003 nem
126 2934 374 3004 christianam
389 2932 571 3022 reddidit,
603 2947 642 3003 et
661 2934 832 3004 multum
847 2933 1003 3003 hiberni
1089 2998 1090 3001 ,

27 3037 202 3126 temporis
220 3033 460 3126 utsaepiusin
473 3033 759 3106 Thrandheimo
770 3033 1001 3120 consumsit,

28 3137 157 3204 multos
173 3136 303 3228 itaque
316 3135 443 3229 regios
459 3133 598 3225 cupido
606 3134 760 3204 incessit
771 3141 1001 3228 cognosceri-

30 3231 78 3320 di,
103 3250 235 3305 utrum
247 3238 320 3305 hoc
344 3235 484 3305 salsum
500 3258 549 3304 an
565 3258 700 3306 verum
722 3249 831 3304 esset
878 3238 1001 3306 Fama

30 3347 94 3423 est,
118 3337 211 3408 duos
227 3336 328 3440 regis
343 3315 525 3406 satellites
543 3336 643 3405 clam
652 3351 771 3406 noctu
787 3357 833 3404 ex
841 3336 1000 3405 navibus
1092 3363 1094 3368 ·
1149 3381 1153 3390 ι

28 3428 221 3508 interram
241 3458 428 3530 egressoS,
455 3457 545 3508 cum
567 3436 839 3528 aliquantisper
859 3460 928 3528 per
944 3451 1000 3505 te·
1013 3463 1015 3470 ·
1084 3485 1087 3494 ,

30 3536 343 3628 nebras1vissent,
364 3537 497 3632 ignem
509 3536 551 3606 in
569 3552 678 3608 antro
689 3537 856 3630 quodam
868 3538 1000 3612 arden·
1024 3599 1026 3604 .

28 3642 97 3704 tem
114 3639 372 3729 conspexisse,
399 3660 445 3707 eo
459 3635 677 3727 festinasse,
710 3641 930 3729 multosque
944 3638 1001 3732 gi-

31 3750 147 3836 gantos
168 3739 250 3833 igni
279 3738 484 3811 assidentes
506 3751 546 3807 et
568 3737 735 3809 invicem
756 3738 1000 3810 confabulan-

29 3842 77 3900 tes
86 3839 412 3923 ammadvertrsse
426 3852 514 3908 ante
528 3839 669 3910 ostium
684 3839 1000 3910 antriconsisten

29 3943 78 3999 tes
97 3939 404 4055 deprehendisse,
438 3962 561 4008 unum
586 3963 665 4010 esse
681 3937 898 4032 principem
920 3965 1000 4010 om·

31 4033 126 4108 nium
162 4042 305 4110 horum
349 4039 599 4110 inimicorum
632 4041 896 4133 (daemonum).
963 4040 1000 4110 Is

32 4127 120 4205 infit:
146 4164 240 4210 num
254 4141 387 4248 nostis,
400 4141 477 4210 huc
493 4140 690 4210 adterram
710 4143 901 4232 appulisse
910 4163 1002 4212 cum

33 4237 136 4326 copiis
149 4263 282 4338 regem
298 4229 463 4314 Olavum
473 4231 659 4338 Tryggvii
674 4243 825 4313 lilium?
877 4245 953 4356 Qui
968 4265 1001 4312 s1
988 4243 1026 4264 ⁸
1046 4256 1050 4266 '
