2640 4682
315 379 442 478 at
650 407 925 471 π
1168 410 1267 482 trac.

189 606 195 616 ¹
284 609 542 692 Thorlakus
529 635 573 684 ιιι
597 610 734 684 insulis
755 609 954 709 (Fereyis)
977 597 1143 720 uxorem
1161 611 1271 729 duxit,

145 713 150 722 ’
286 729 469 788 ettamen
486 713 591 784 dorni
607 717 712 787 Gatae
731 715 835 808 apud
850 728 1002 810 patrem
1015 707 1055 782 se'
1077 714 1270 784 continuit.

286 823 392 892 Turn
411 815 632 902 Thorbj'orn
650 837 793 909 magno
810 831 905 885 natu
922 830 1020 904 erat,
1049 829 1090 884 et
1107 829 1276 916 nonpost

226 999 228 1006 y
284 915 596 988 multodecessrt
649 920 683 988 A
702 939 886 1010 quocum
903 914 1108 985 haereditas
1126 917 1275 987 filiisdi-

284 1017 449 1089 videnda
473 1013 685 1106 venisset,
698 1018 939 1109 uterquevrl
886 1015 1020 1086 villam
1045 1014 1276 1107 primariam,

286 1124 459 1214 Getam,v
476 1139 560 1212 quaa
575 1116 734 1207 matrimi
748 1117 982 1210 eratpretii,
1017 1115 1197 1188 obtinere
1219 1142 1277 1188 vo-

284 1222 381 1306 luit3
401 1220 570 1288 sortibus
581 1239 671 1288 vero
684 1217 820 1308 ductis,
834 1218 926 1288 villa
939 1215 1125 1309 primaria
1135 1219 1278 1292 Thran-

211 1357 217 1372 ·
286 1323 334 1392 do
351 1319 500 1413 obtigit
546 1317 703 1390 ·Diviso
729 1331 862 1389 autem
873 1317 1133 1410 patrimonio,
1163 1321 1278 1392 Thor-

284 1423 395 1495 lakus
418 1416 561 1503 oravit,
598 1435 643 1489 ut
664 1417 756 1490 villa
770 1417 957 1512 primaria
970 1417 1043 1488 sibi
1057 1420 1278 1490 concedere
1318 1463 1319 1468 =

273 1541 370 1613 etur,
399 1518 606 1596 Thrandus
626 1541 715 1592 vero
732 1521 874 1614 praedia
890 1521 1152 1612 superficiaria
1171 1535 1211 1590 et
1228 1545 1280 1592 res
1318 1591 1319 1594 ,

284 1621 469 1711 mobiles,
497 1643 582 1722 quae
598 1619 796 1694 Thorlako
817 1635 919 1691 sorte
937 1620 1197 1712 obvenissent,
1221 1623 1279 1691 ha·
1318 1661 1319 1666 ι

284 1729 415 1815 beret,
448 1745 538 1792 nam
559 1719 625 1790 hic
650 1741 711 1792 res
737 1723 902 1792 mobiles
928 1745 1019 1792 cum
1044 1719 1137 1792 dote
1156 1719 1280 1800 uxoris
1318 1767 1319 1784 2

285 1839 496 1930 acceperat.
575 1819 620 1892 Id
645 1823 773 1894 uoluit
793 1819 1021 1916 Thrandus,
1052 1837 1093 1892 et
1118 1823 1280 1894 fundum
1318 1873 1319 1880 ι

240 2013 242 2018 Ι
287 1919 395 2000 Gatae
414 1920 679 2016 compluribus
709 1923 913 2018 inquilinis
950 1925 1134 1994 mercede
1157 1949 1280 2017 'quam

171 2101 173 2105 ,
284 2029 453 2099 maxima
478 2025 639 2112 locavit3
674 2021 759 2118 ipse
776 2046 866 2096 vero
884 2020 1020 2094 eadem
1042 2039 1177 2096 aestate
1201 2049 1279 2097 cum

284 2127 566 2200 mercatoribus
584 2127 776 2196 ouantem
786 2145 917 2195 versus
934 2125 978 2194 in
995 2127 1318 2222 Norvegiam‚a

230 2289 233 2310 ,
285 2229 478 2304 mercibus
494 2248 610 2319 parce
620 2229 850 2317 instructus
877 2228 1127 2342 commeavit,
1154 2228 1279 2320 ibique

284 2332 329 2400 in
344 2330 422 2400 aede
439 2325 616 2397 solitaria
627 2329 802 2399 hiemem
818 2327 1026 2421 transegit,
1062 2328 1217 2423 ingenii
1232 2329 1280 2400 ni·

284 2434 413 2501 mium
427 2425 580 2498 obscuri
597 2430 714 2498 risus.
741 2431 935 2521 Sequente
955 2440 1086 2498 aestate
1102 2449 1198 2500 cum
1206 2451 1281 2500 vec·
1318 2493 1319 2516 q

285 2525 435 2605 toribus
454 2527 720 2600 onerariarum
736 2543 912 2599 austrum
925 2549 1056 2598 versus
1075 2532 1281 2624 Haleyram
1317 2565 1319 2630 q

283 2632 470 2720 tetendit,
504 2653 590 2722 ‘quo
611 2643 788 2724 tempore
807 2627 863 2700 ibi
883 2631 1051 2700 maxima
1068 2631 1148 2699 fuit
1164 2631 1281 2702 homi·
1316 2635 1319 2726 J

286 2757 384 2805 num
413 2730 615 2801 celebritas
641 2747 910 2823 mercatusque
937 2729 1318 2848 frequentissimus⁴

287 2837 363 2910 Hic
383 2832 588 2906 Thrandus
604 2829 857 2903 immodicam
856 2833 1042 2947 ‘pecunia
1067 2834 1150 2904 vim
1164 2833 1280 2903 lucra·

235 2955 239 2962 ·
284 2947 440 3024 tuaest,
472 2933 586 3003 nulla
603 2956 645 3004 re
664 2923 759 3023 alia,
792 2934 867 3003 nisr
856 2928 960 3004 sola
975 2932 1111 3021 fraude
1128 2949 1168 3003 et
1185 2934 1280 3004 calli

288 3036 417 3108 ditate.
484 3032 615 3104 Inde
604 3059 647 3103 ιιι
670 3023 903 3135 Norvegiam
926 3035 1077 3105 delatus
1102 3057 1317 3149 magnam

286 3141 509 3228 bonamque
527 3156 667 3219 navem
682 3130 900 3204 onerariam
920 3133 1035 3234 emit,
1064 3134 1130 3204 cui
1150 3137 1280 3230 ingen

286 3253 346 3309 tes
371 3237 457 3307 illas
477 3237 688 3328 pecunias,
721 3235 801 3304 hac
815 3249 943 3304 aestate
966 3250 1139 3328 paratas,
1163 3237 1279 3328 impo

287 3339 385 3429 suit,
424 3356 660 3429 cursumque
685 3335 727 3406 in
748 3339 920 3430 Faereyas
945 3337 1093 3427 tenuit,
1122 3352 1164 3406 et
1179 3340 1279 3409 Geta

286 3435 566 3511 villicationem
580 3436 761 3507 instituit.
815 3436 1020 3511 Thrandus
1037 3451 1189 3508 statura
1210 3452 1280 3508 erat
1315 3440 1316 3452 ³

289 3538 466 3636 grandis,
484 3609 487 3616 ,
504 3559 614 3608 coma
631 3539 824 3630 barbaque
838 3537 986 3626 rubris,
1013 3538 1113 3608 facie
1133 3538 1280 3633 lentigi-

288 3663 403 3732 nosa‚
440 3639 692 3730 vulturinis,
719 3640 838 3709 homo
856 3639 1054 3728 occultus,
1073 3641 1234 3710 callidus
1249 3652 1280 3708 et

290 3741 338 3812 ad
356 3763 488 3811 omnes
503 3733 656 3820 fraudes
675 3753 831 3825 acutus3
857 3737 900 3810 in
914 3742 1107 3831 populum
1124 3741 1233 3810 ferox
1246 3753 1279 3808 et

233 3913 241 3934 ,
290 3843 501 3934 superbuS,
538 3861 628 3910 cum
649 3841 933 3933 potentioribus
947 3839 1089 3913 blande
1105 3843 1278 3934 loqueba-

290 3957 373 4032 tur,
401 3942 560 4012 subdole
575 3941 780 4036 cogitabat.
936 4007 939 4014 .

395 4041 485 4140 Cap.
500 4047 588 4116 179
626 4035 852 4136 Hafgrimus
868 4061 1011 4120 nomen
1019 4053 1101 4114 erat
1109 4063 1207 4134 vno,
1218 4041 1276 4135 qui

289 4141 435 4214 ibidem
450 4140 617 4234 Faereyis
629 4140 809 4236 Sudteyae
824 4143 958 4214 villam
973 4143 1122 4218 Hofum
1139 4144 1276 4216 inhabi-

291 4243 404 4329 tavit5
437 4242 471 4312 is
497 4239 659 4348 deorum
676 4246 803 4316 cultor
830 4245 1189 4354 observantissimus
1208 4243 1274 4316 luit
