<?xml version="1.0" encoding="UTF-8"?>
<!DOCTYPE html PUBLIC "-//W3C//DTD XHTML 1.0 Transitional//EN"
    "http://www.w3.org/TR/xhtml1/DTD/xhtml1-transitional.dtd">
<html xmlns="http://www.w3.org/1999/xhtml" xml:lang="en" lang="en">
 <head>
  <title>
</title>
<meta http-equiv="Content-Type" content="text/html;charset=utf-8" />
  <meta name='ocr-system' content='tesseract 3.04.00' />
  <meta name='ocr-capabilities' content='ocr_page ocr_carea ocr_par ocr_line ocrx_word'/>
</head>
<body>
  <div class='ocr_page' id='page_1' title='image "./scriptahistoric00egilgoog_0605.png"; bbox 0 0 2680 4678; ppageno 0'>
   <div class='ocr_carea' id='block_1_1' title="bbox 346 307 1286 426">
    <p class='ocr_par' dir='ltr' id='par_1_1' title="bbox 346 265 1326 458">
     <span class='ocr_line' id='line_1_1' title="bbox 346 307 1286 426; baseline -0.013 -3"><span class='ocrx_word' id='word_1_1' title='bbox 346 331 438 426; x_wconf 80' lang='lat'>258</span> <span class='ocrx_word' id='word_1_2' title='bbox 556 379 562 389; x_wconf 82' lang='lat'>·</span> <span class='ocrx_word' id='word_1_3' title='bbox 651 307 926 416; x_wconf 59' lang='grc' dir='ltr'>-ζ-ΞΞ</span> <span class='ocrx_word' id='word_1_4' title='bbox 1175 345 1286 414; x_wconf 71' lang='lat' dir='ltr'>susc.</span> 
     </span>
    </p>
   </div>
   <div class='ocr_carea' id='block_1_2' title="bbox 147 497 1329 4294">
    <p class='ocr_par' dir='ltr' id='par_1_2' title="bbox 147 497 1329 4294">
     <span class='ocr_line' id='line_1_2' title="bbox 530 497 1326 530; baseline 0.003 -2"><span class='ocrx_word' id='word_1_5' title='bbox 530 519 539 528; x_wconf 83' lang='lat'><em>.</em></span> <span class='ocrx_word' id='word_1_6' title='bbox 1325 497 1326 530; x_wconf 81' lang='lat' dir='ltr'>l</span> 
     </span>
     <span class='ocr_line' id='line_1_3' title="bbox 286 551 1290 648; baseline -0.004 -14"><span class='ocrx_word' id='word_1_7' title='bbox 286 561 532 644; x_wconf 76' lang='lat' dir='ltr'>Eindridius3</span> <span class='ocrx_word' id='word_1_8' title='bbox 556 581 622 626; x_wconf 86' lang='lat' dir='ltr'>rex</span> <span class='ocrx_word' id='word_1_9' title='bbox 634 556 676 626; x_wconf 92' lang='lat' dir='ltr'>in</span> <span class='ocrx_word' id='word_1_10' title='bbox 685 553 864 628; x_wconf 87' lang='lat' dir='ltr'>omnibus</span> <span class='ocrx_word' id='word_1_11' title='bbox 880 551 1164 648; x_wconf 84' lang='lat' dir='ltr'>speciminibus</span> <span class='ocrx_word' id='word_1_12' title='bbox 1174 557 1290 630; x_wconf 85' lang='lat' dir='ltr'>eden·</span> 
     </span>
     <span class='ocr_line' id='line_1_4' title="bbox 252 657 1287 757; baseline -0.003 -24"><span class='ocrx_word' id='word_1_13' title='bbox 252 690 254 702; x_wconf 93' lang='lat'><em>·</em></span> <span class='ocrx_word' id='word_1_14' title='bbox 291 669 347 738; x_wconf 84' lang='lat' dir='ltr'>dis</span> <span class='ocrx_word' id='word_1_15' title='bbox 363 665 507 757; x_wconf 78' lang='lat' dir='ltr'>primas</span> <span class='ocrx_word' id='word_1_16' title='bbox 522 675 652 752; x_wconf 79' lang='lat' dir='ltr'>partes</span> <span class='ocrx_word' id='word_1_17' title='bbox 665 657 830 752; x_wconf 78' lang='lat' dir='ltr'>peregit,</span> <span class='ocrx_word' id='word_1_18' title='bbox 850 658 1035 730; x_wconf 86' lang='lat' dir='ltr'>secundas</span> <span class='ocrx_word' id='word_1_19' title='bbox 1049 661 1287 742; x_wconf 83' lang='lat' dir='ltr'>Eindridius.</span> 
     </span>
     <span class='ocr_line' id='line_1_5' title="bbox 288 759 1290 857; baseline -0.002 -21"><span class='ocrx_word' id='word_1_20' title='bbox 288 767 485 857; x_wconf 77' lang='lat' dir='ltr'>Deinceps</span> <span class='ocrx_word' id='word_1_21' title='bbox 512 783 581 830; x_wconf 86' lang='lat' dir='ltr'>rex</span> <span class='ocrx_word' id='word_1_22' title='bbox 611 761 733 840; x_wconf 77' lang='lat' dir='ltr'>altera</span> <span class='ocrx_word' id='word_1_23' title='bbox 754 759 861 846; x_wconf 90' lang='lat' dir='ltr'>vice,</span> <span class='ocrx_word' id='word_1_24' title='bbox 905 760 1043 829; x_wconf 86' lang='lat' dir='ltr'>eodem</span> <span class='ocrx_word' id='word_1_25' title='bbox 1063 763 1189 832; x_wconf 84' lang='lat' dir='ltr'>modo</span> <span class='ocrx_word' id='word_1_26' title='bbox 1223 786 1290 854; x_wconf 85' lang='lat' dir='ltr'>quo</span> 
     </span>
     <span class='ocr_line' id='line_1_6' title="bbox 288 854 1291 965; baseline -0.006 -27"><span class='ocrx_word' id='word_1_27' title='bbox 288 870 417 965; x_wconf 84' lang='lat' dir='ltr'>prius,</span> <span class='ocrx_word' id='word_1_28' title='bbox 443 854 903 944; x_wconf 86' lang='lat' dir='ltr'>secundnmremosinter&#39;</span> <span class='ocrx_word' id='word_1_29' title='bbox 917 861 1291 956; x_wconf 79' lang='lat' dir='ltr'>remigandumpro·</span> 
     </span>
     <span class='ocr_line' id='line_1_7' title="bbox 292 960 1327 1096; baseline -0.008 -52"><span class='ocrx_word' id='word_1_30' title='bbox 292 969 423 1057; x_wconf 78' lang='lat' dir='ltr'>cessit,</span> <span class='ocrx_word' id='word_1_31' title='bbox 462 977 578 1055; x_wconf 82' lang='lat' dir='ltr'>atque</span> <span class='ocrx_word' id='word_1_32' title='bbox 599 960 736 1032; x_wconf 88' lang='lat' dir='ltr'>deinde</span> <span class='ocrx_word' id='word_1_33' title='bbox 757 974 846 1055; x_wconf 82' lang='lat' dir='ltr'>ante</span> <span class='ocrx_word' id='word_1_34' title='bbox 867 983 1043 1052; x_wconf 86' lang='lat' dir='ltr'>proram,</span> <span class='ocrx_word' id='word_1_35' title='bbox 1071 963 1130 1034; x_wconf 83' lang='lat' dir='ltr'>ite</span> <span class='ocrx_word' id='word_1_36' title='bbox 1153 980 1291 1036; x_wconf 89' lang='lat' dir='ltr'>utnon</span> <span class='ocrx_word' id='word_1_37' title='bbox 1326 1004 1327 1096; x_wconf 60' lang='lat'>,</span> 
     </span>
     <span class='ocr_line' id='line_1_8' title="bbox 147 1057 1327 1163; baseline -0.002 -25"><span class='ocrx_word' id='word_1_38' title='bbox 147 1057 153 1068; x_wconf 55' lang='lat'>⁵</span> <span class='ocrx_word' id='word_1_39' title='bbox 183 1155 187 1162; x_wconf 29' lang='grc' dir='ltr'>Ι</span> <span class='ocrx_word' id='word_1_40' title='bbox 291 1069 412 1163; x_wconf 81' lang='lat' dir='ltr'>magis</span> <span class='ocrx_word' id='word_1_41' title='bbox 425 1083 513 1136; x_wconf 88' lang='lat' dir='ltr'>tum</span> <span class='ocrx_word' id='word_1_42' title='bbox 527 1075 763 1155; x_wconf 82' lang='lat' dir='ltr'>quemantea</span> <span class='ocrx_word' id='word_1_43' title='bbox 773 1062 815 1132; x_wconf 93' lang='lat' dir='ltr'>in</span> <span class='ocrx_word' id='word_1_44' title='bbox 832 1062 1009 1155; x_wconf 83' lang='lat' dir='ltr'>gladiolis</span> <span class='ocrx_word' id='word_1_45' title='bbox 1021 1062 1290 1150; x_wconf 86' lang='lat' dir='ltr'>frustraretur,</span> <span class='ocrx_word' id='word_1_46' title='bbox 1326 1107 1327 1136; x_wconf 53' lang='lat' dir='ltr'>r</span> 
     </span>
     <span class='ocr_line' id='line_1_9' title="bbox 291 1162 1291 1262; baseline -0.008 -19"><span class='ocrx_word' id='word_1_47' title='bbox 291 1195 418 1262; x_wconf 90' lang='lat' dir='ltr'>neque</span> <span class='ocrx_word' id='word_1_48' title='bbox 435 1166 550 1238; x_wconf 86' lang='lat' dir='ltr'>calcei</span> <span class='ocrx_word' id='word_1_49' title='bbox 566 1163 723 1254; x_wconf 85' lang='lat' dir='ltr'>quidem</span> <span class='ocrx_word' id='word_1_50' title='bbox 736 1162 1005 1249; x_wconf 77' lang='lat' dir='ltr'>madefierent5</span> <span class='ocrx_word' id='word_1_51' title='bbox 1031 1187 1157 1256; x_wconf 85' lang='lat' dir='ltr'>porro</span> <span class='ocrx_word' id='word_1_52' title='bbox 1183 1167 1233 1238; x_wconf 83' lang='lat' dir='ltr'>ad</span> <span class='ocrx_word' id='word_1_53' title='bbox 1247 1169 1291 1236; x_wconf 87' lang='lat' dir='ltr'>al-</span> 
     </span>
     <span class='ocr_line' id='line_1_10' title="bbox 291 1256 1292 1360; baseline -0.007 -19"><span class='ocrx_word' id='word_1_54' title='bbox 291 1258 538 1341; x_wconf 75' lang='lat' dir='ltr'>terumnevis&#39;</span> <span class='ocrx_word' id='word_1_55' title='bbox 554 1267 654 1334; x_wconf 84' lang='lat' dir='ltr'>latus</span> <span class='ocrx_word' id='word_1_56' title='bbox 664 1256 883 1350; x_wconf 39' lang='lat' dir='ltr'>secundum·</span> <span class='ocrx_word' id='word_1_57' title='bbox 893 1268 1208 1360; x_wconf 86' lang='lat' dir='ltr'>remospuppim</span> <span class='ocrx_word' id='word_1_58' title='bbox 1220 1292 1292 1337; x_wconf 82' lang='lat' dir='ltr'>ver-</span> 
     </span>
     <span class='ocr_line' id='line_1_11' title="bbox 268 1363 1293 1464; baseline -0.004 -22"><span class='ocrx_word' id='word_1_59' title='bbox 268 1387 273 1410; x_wconf 60' lang='lat'><strong>⁸</strong></span> <span class='ocrx_word' id='word_1_60' title='bbox 292 1395 356 1446; x_wconf 87' lang='lat' dir='ltr'>sus</span> <span class='ocrx_word' id='word_1_61' title='bbox 376 1367 583 1464; x_wconf 80' lang='lat' dir='ltr'>processit,</span> <span class='ocrx_word' id='word_1_62' title='bbox 610 1363 956 1456; x_wconf 83' lang='lat' dir='ltr'>atqueitademum</span> <span class='ocrx_word' id='word_1_63' title='bbox 968 1367 1100 1452; x_wconf 63' lang='lat' dir='ltr'>navim</span> <span class='ocrx_word' id='word_1_64' title='bbox 1115 1391 1293 1440; x_wconf 87' lang='lat' dir='ltr'>conscen-</span> 
     </span>
     <span class='ocr_line' id='line_1_12' title="bbox 294 1465 1293 1562; baseline 0 -26"><span class='ocrx_word' id='word_1_65' title='bbox 294 1475 369 1560; x_wconf 65' lang='lat' dir='ltr'>dit,</span> <span class='ocrx_word' id='word_1_66' title='bbox 406 1469 508 1562; x_wconf 84' lang='lat' dir='ltr'>quod</span> <span class='ocrx_word' id='word_1_67' title='bbox 534 1466 775 1558; x_wconf 75' lang='lat' dir='ltr'>quaratione</span> <span class='ocrx_word' id='word_1_68' title='bbox 793 1465 946 1536; x_wconf 85' lang='lat' dir='ltr'>efficere</span> <span class='ocrx_word' id='word_1_69' title='bbox 970 1483 1124 1559; x_wconf 89' lang='lat' dir='ltr'>posset,</span> <span class='ocrx_word' id='word_1_70' title='bbox 1145 1472 1293 1540; x_wconf 82' lang='lat' dir='ltr'>&#39;intelli-</span> 
     </span>
     <span class='ocr_line' id='line_1_13' title="bbox 293 1566 1292 1669; baseline -0.006 -23"><span class='ocrx_word' id='word_1_71' title='bbox 293 1597 386 1669; x_wconf 82' lang='lat' dir='ltr'>gere</span> <span class='ocrx_word' id='word_1_72' title='bbox 405 1569 675 1663; x_wconf 81' lang='lat' dir='ltr'>potuitnemo.</span> <span class='ocrx_word' id='word_1_73' title='bbox 729 1566 949 1642; x_wconf 87' lang='lat' dir='ltr'>Eindridius</span> <span class='ocrx_word' id='word_1_74' title='bbox 966 1589 1097 1638; x_wconf 85' lang='lat' dir='ltr'>coram</span> <span class='ocrx_word' id='word_1_75' title='bbox 1108 1593 1223 1666; x_wconf 81' lang='lat' dir='ltr'>rege,</span> <span class='ocrx_word' id='word_1_76' title='bbox 1237 1596 1292 1641; x_wconf 86' lang='lat' dir='ltr'>na·</span> 
     </span>
     <span class='ocr_line' id='line_1_14' title="bbox 294 1668 1293 1761; baseline -0.007 -16"><span class='ocrx_word' id='word_1_77' title='bbox 294 1679 374 1746; x_wconf 86' lang='lat' dir='ltr'>vim</span> <span class='ocrx_word' id='word_1_78' title='bbox 399 1670 698 1757; x_wconf 78' lang='lat' dir='ltr'>conscendente,</span> <span class='ocrx_word' id='word_1_79' title='bbox 736 1690 777 1738; x_wconf 88' lang='lat' dir='ltr'>se</span> <span class='ocrx_word' id='word_1_80' title='bbox 805 1668 925 1757; x_wconf 84' lang='lat' dir='ltr'>stitit,</span> <span class='ocrx_word' id='word_1_81' title='bbox 965 1670 1137 1761; x_wconf 73' lang='lat' dir='ltr'>eumque</span> <span class='ocrx_word' id='word_1_82' title='bbox 1169 1687 1293 1743; x_wconf 82' lang='lat' dir='ltr'>tacens</span> 
     </span>
     <span class='ocr_line' id='line_1_15' title="bbox 248 1770 1328 1866; baseline -0.003 -20"><span class='ocrx_word' id='word_1_83' title='bbox 248 1807 253 1818; x_wconf 63' lang='lat'><strong><em>‘</em></strong></span> <span class='ocrx_word' id='word_1_84' title='bbox 293 1773 475 1866; x_wconf 84' lang='lat' dir='ltr'>suspexit.</span> <span class='ocrx_word' id='word_1_85' title='bbox 532 1771 606 1842; x_wconf 88' lang='lat' dir='ltr'>Cui</span> <span class='ocrx_word' id='word_1_86' title='bbox 621 1793 707 1838; x_wconf 88' lang='lat' dir='ltr'>rex:</span> <span class='ocrx_word' id='word_1_87' title='bbox 746 1770 813 1860; x_wconf 81' lang='lat' dir='ltr'>qui</span> <span class='ocrx_word' id='word_1_88' title='bbox 832 1791 935 1838; x_wconf 90' lang='lat' dir='ltr'>nunc</span> <span class='ocrx_word' id='word_1_89' title='bbox 959 1785 1053 1860; x_wconf 82' lang='lat' dir='ltr'>stas,</span> <span class='ocrx_word' id='word_1_90' title='bbox 1088 1797 1228 1865; x_wconf 89' lang='lat' dir='ltr'>neque</span> <span class='ocrx_word' id='word_1_91' title='bbox 1246 1797 1293 1844; x_wconf 77' lang='lat' dir='ltr'>se</span> <span class='ocrx_word' id='word_1_92' title='bbox 1327 1775 1328 1820; x_wconf 35' lang='grc' dir='ltr'><em>Ὗ</em></span> 
     </span>
     <span class='ocr_line' id='line_1_16' title="bbox 296 1869 1291 1961; baseline -0.007 -15"><span class='ocrx_word' id='word_1_93' title='bbox 296 1878 440 1948; x_wconf 82' lang='lat' dir='ltr'>cundes</span> <span class='ocrx_word' id='word_1_94' title='bbox 457 1872 583 1942; x_wconf 80' lang='lat' dir='ltr'>ludis?</span> <span class='ocrx_word' id='word_1_95' title='bbox 636 1870 710 1942; x_wconf 91' lang='lat' dir='ltr'>Hic</span> <span class='ocrx_word' id='word_1_96' title='bbox 728 1869 968 1942; x_wconf 89' lang='lat' dir='ltr'>Eindridius:</span> <span class='ocrx_word' id='word_1_97' title='bbox 995 1872 1089 1961; x_wconf 89' lang='lat' dir='ltr'>hoc,</span> <span class='ocrx_word' id='word_1_98' title='bbox 1119 1874 1291 1946; x_wconf 86' lang='lat' dir='ltr'>domine!</span> 
     </span>
     <span class='ocr_line' id='line_1_17' title="bbox 294 1970 1291 2068; baseline -0.003 -21"><span class='ocrx_word' id='word_1_99' title='bbox 294 1979 405 2060; x_wconf 84' lang='lat' dir='ltr'>nullo</span> <span class='ocrx_word' id='word_1_100' title='bbox 422 1987 537 2066; x_wconf 84' lang='lat' dir='ltr'>pacto</span> <span class='ocrx_word' id='word_1_101' title='bbox 558 1971 711 2054; x_wconf 81' lang='lat' dir='ltr'>efficere</span> <span class='ocrx_word' id='word_1_102' title='bbox 726 1970 894 2062; x_wconf 67' lang='lat' dir='ltr'>&#39;potuisti</span> <span class='ocrx_word' id='word_1_103' title='bbox 917 1973 1006 2058; x_wconf 68' lang='lat' dir='ltr'>solul</span> <span class='ocrx_word' id='word_1_104' title='bbox 1018 1973 1188 2048; x_wconf 86' lang='lat' dir='ltr'>ludendi</span> <span class='ocrx_word' id='word_1_105' title='bbox 1200 1977 1291 2068; x_wconf 88' lang='lat' dir='ltr'>peri-</span> 
     </span>
     <span class='ocr_line' id='line_1_18' title="bbox 294 2071 1292 2168; baseline -0.003 -22"><span class='ocrx_word' id='word_1_106' title='bbox 294 2081 367 2168; x_wconf 79' lang='lat' dir='ltr'>tia,</span> <span class='ocrx_word' id='word_1_107' title='bbox 394 2077 460 2146; x_wconf 90' lang='lat' dir='ltr'>sed</span> <span class='ocrx_word' id='word_1_108' title='bbox 481 2075 625 2146; x_wconf 84' lang='lat' dir='ltr'>auxilio</span> <span class='ocrx_word' id='word_1_109' title='bbox 650 2072 723 2141; x_wconf 81' lang='lat' dir='ltr'>dei</span> <span class='ocrx_word' id='word_1_110' title='bbox 738 2071 909 2161; x_wconf 78' lang='lat' dir='ltr'>adjutus,</span> <span class='ocrx_word' id='word_1_111' title='bbox 935 2073 976 2142; x_wconf 89' lang='lat' dir='ltr'>in</span> <span class='ocrx_word' id='word_1_112' title='bbox 999 2075 1121 2164; x_wconf 77' lang='lat' dir='ltr'>quein</span> <span class='ocrx_word' id='word_1_113' title='bbox 1151 2078 1292 2160; x_wconf 73' lang='lat' dir='ltr'>credis,</span> 
     </span>
     <span class='ocr_line' id='line_1_19' title="bbox 234 2172 1291 2272; baseline -0.002 -24"><span class='ocrx_word' id='word_1_114' title='bbox 234 2251 241 2258; x_wconf 70' lang='grc'><strong><em>,</em></strong></span> <span class='ocrx_word' id='word_1_115' title='bbox 296 2172 371 2270; x_wconf 69' lang='lat' dir='ltr'>qud</span> <span class='ocrx_word' id='word_1_116' title='bbox 390 2201 436 2248; x_wconf 87' lang='lat' dir='ltr'>ex</span> <span class='ocrx_word' id='word_1_117' title='bbox 450 2200 492 2248; x_wconf 86' lang='lat' dir='ltr'>re</span> <span class='ocrx_word' id='word_1_118' title='bbox 508 2176 705 2267; x_wconf 79' lang='lat' dir='ltr'>intelligo,</span> <span class='ocrx_word' id='word_1_119' title='bbox 734 2197 826 2242; x_wconf 90' lang='lat' dir='ltr'>eum</span> <span class='ocrx_word' id='word_1_120' title='bbox 848 2175 976 2244; x_wconf 80' lang='lat' dir='ltr'>onmia</span> <span class='ocrx_word' id='word_1_121' title='bbox 991 2174 1150 2246; x_wconf 87' lang='lat' dir='ltr'>efficere</span> <span class='ocrx_word' id='word_1_122' title='bbox 1172 2202 1291 2272; x_wconf 88' lang='lat' dir='ltr'>posse,</span> 
     </span>
     <span class='ocr_line' id='line_1_20' title="bbox 294 2266 1329 2396; baseline -0.002 -46"><span class='ocrx_word' id='word_1_123' title='bbox 294 2281 460 2371; x_wconf 87' lang='lat' dir='ltr'>ideoque</span> <span class='ocrx_word' id='word_1_124' title='bbox 475 2278 517 2348; x_wconf 88' lang='lat' dir='ltr'>in</span> <span class='ocrx_word' id='word_1_125' title='bbox 533 2299 624 2358; x_wconf 84' lang='lat' dir='ltr'>eum</span> <span class='ocrx_word' id='word_1_126' title='bbox 641 2297 688 2342; x_wconf 84' lang='lat' dir='ltr'>ex</span> <span class='ocrx_word' id='word_1_127' title='bbox 710 2266 783 2346; x_wconf 80' lang='lat' dir='ltr'>hoc</span> <span class='ocrx_word' id='word_1_128' title='bbox 806 2288 981 2365; x_wconf 82' lang='lat' dir='ltr'>tempore</span> <span class='ocrx_word' id='word_1_129' title='bbox 999 2277 1181 2371; x_wconf 84' lang='lat' dir='ltr'>credam,</span> <span class='ocrx_word' id='word_1_130' title='bbox 1211 2303 1292 2376; x_wconf 81' lang='lat' dir='ltr'>eum</span> <span class='ocrx_word' id='word_1_131' title='bbox 1328 2339 1329 2396; x_wconf 67' lang='lat'>,</span> 
     </span>
     <span class='ocr_line' id='line_1_21' title="bbox 217 2377 1329 2467; baseline -0.001 -17"><span class='ocrx_word' id='word_1_132' title='bbox 217 2391 222 2396; x_wconf 83' lang='lat'>&#39;</span> <span class='ocrx_word' id='word_1_133' title='bbox 296 2383 423 2452; x_wconf 89' lang='lat' dir='ltr'>solum</span> <span class='ocrx_word' id='word_1_134' title='bbox 450 2391 531 2448; x_wconf 82' lang='lat' dir='ltr'>e’sse</span> <span class='ocrx_word' id='word_1_135' title='bbox 554 2377 696 2464; x_wconf 84' lang='lat' dir='ltr'>deum,¹</span> <span class='ocrx_word' id='word_1_136' title='bbox 719 2399 845 2467; x_wconf 87' lang='lat' dir='ltr'>neque</span> <span class='ocrx_word' id='word_1_137' title='bbox 867 2377 994 2462; x_wconf 82' lang='lat' dir='ltr'>ullum</span> <span class='ocrx_word' id='word_1_138' title='bbox 1010 2377 1147 2450; x_wconf 84' lang='lat' dir='ltr'>alium.</span> <span class='ocrx_word' id='word_1_139' title='bbox 1218 2385 1290 2454; x_wconf 83' lang='lat' dir='ltr'>Rex</span> <span class='ocrx_word' id='word_1_140' title='bbox 1328 2409 1329 2462; x_wconf 53' lang='grc' dir='ltr'>ς</span> 
     </span>
     <span class='ocr_line' id='line_1_22' title="bbox 280 2467 1329 2568; baseline -0.003 -15"><span class='ocrx_word' id='word_1_141' title='bbox 280 2484 439 2562; x_wconf 83' lang='lat' dir='ltr'>&#39;Olnvus</span> <span class='ocrx_word' id='word_1_142' title='bbox 457 2478 518 2568; x_wconf 69' lang='lat' dir='ltr'>liis</span> <span class='ocrx_word' id='word_1_143' title='bbox 530 2478 611 2565; x_wconf 88' lang='lat' dir='ltr'>ejus</span> <span class='ocrx_word' id='word_1_144' title='bbox 624 2476 733 2568; x_wconf 88' lang='lat' dir='ltr'>dictis</span> <span class='ocrx_word' id='word_1_145' title='bbox 746 2479 853 2548; x_wconf 81' lang='lat' dir='ltr'>valde</span> <span class='ocrx_word' id='word_1_146' title='bbox 863 2477 1033 2568; x_wconf 78' lang='lat' dir='ltr'>laetatus,</span> <span class='ocrx_word' id='word_1_147' title='bbox 1063 2479 1190 2552; x_wconf 88' lang='lat' dir='ltr'>deum</span> <span class='ocrx_word' id='word_1_148' title='bbox 1202 2483 1292 2552; x_wconf 89' lang='lat' dir='ltr'>mul·</span> <span class='ocrx_word' id='word_1_149' title='bbox 1328 2467 1329 2482; x_wconf 42' lang='lat'>¹</span> 
     </span>
     <span class='ocr_line' id='line_1_23' title="bbox 295 2571 1329 2668; baseline 0 -18"><span class='ocrx_word' id='word_1_150' title='bbox 295 2571 653 2655; x_wconf 79' lang='lat' dir='ltr'>timodis·1audibus&#39;</span> <span class='ocrx_word' id='word_1_151' title='bbox 668 2577 892 2668; x_wconf 79' lang='lat' dir='ltr'>celebravit,</span> <span class='ocrx_word' id='word_1_152' title='bbox 919 2580 1022 2668; x_wconf 88' lang='lat' dir='ltr'>quod</span> <span class='ocrx_word' id='word_1_153' title='bbox 1051 2578 1089 2648; x_wconf 89' lang='lat' dir='ltr'>ei</span> <span class='ocrx_word' id='word_1_154' title='bbox 1111 2581 1218 2652; x_wconf 83' lang='lat' dir='ltr'>hanc</span> <span class='ocrx_word' id='word_1_155' title='bbox 1241 2583 1290 2650; x_wconf 89' lang='lat' dir='ltr'>in·</span> <span class='ocrx_word' id='word_1_156' title='bbox 1328 2605 1329 2620; x_wconf 25' lang='grc' dir='ltr'>ἢ</span> 
     </span>
     <span class='ocr_line' id='line_1_24' title="bbox 284 2679 1289 2776; baseline -0.003 -22"><span class='ocrx_word' id='word_1_157' title='bbox 284 2681 556 2776; x_wconf 68' lang='lat' dir='ltr'>&#39;telligentiem</span> <span class='ocrx_word' id='word_1_158' title='bbox 567 2679 774 2773; x_wconf 77' lang='lat' dir='ltr'>tribuisset.</span> <span class='ocrx_word' id='word_1_159' title='bbox 795 2686 801 2690; x_wconf 81' lang='grc'><strong>’</strong></span> <span class='ocrx_word' id='word_1_160' title='bbox 827 2679 994 2751; x_wconf 86' lang='lat' dir='ltr'>Proinde</span> <span class='ocrx_word' id='word_1_161' title='bbox 1010 2704 1080 2749; x_wconf 86' lang='lat' dir='ltr'>rex</span> <span class='ocrx_word' id='word_1_162' title='bbox 1095 2682 1289 2754; x_wconf 83' lang='lat' dir='ltr'>Eindridio</span> 
     </span>
     <span class='ocr_line' id='line_1_25' title="bbox 296 2779 1289 2878; baseline -0.004 -23"><span class='ocrx_word' id='word_1_163' title='bbox 296 2784 420 2864; x_wconf 82' lang='lat' dir='ltr'>multe</span> <span class='ocrx_word' id='word_1_164' title='bbox 439 2781 501 2852; x_wconf 89' lang='lat' dir='ltr'>dei</span> <span class='ocrx_word' id='word_1_165' title='bbox 521 2780 794 2871; x_wconf 85' lang='lat' dir='ltr'>omnipotentis</span> <span class='ocrx_word' id='word_1_166' title='bbox 809 2779 995 2864; x_wconf 81' lang='lat' dir='ltr'>miracula</span> <span class='ocrx_word' id='word_1_167' title='bbox 1009 2782 1206 2875; x_wconf 67' lang='lat' dir='ltr'>exposuit,</span> <span class='ocrx_word' id='word_1_168' title='bbox 1223 2805 1289 2878; x_wconf 88' lang='lat' dir='ltr'>quo</span> 
     </span>
     <span class='ocr_line' id='line_1_26' title="bbox 295 2877 1289 2976; baseline -0.005 -20"><span class='ocrx_word' id='word_1_169' title='bbox 295 2887 398 2956; x_wconf 81' lang='lat' dir='ltr'>facto</span> <span class='ocrx_word' id='word_1_170' title='bbox 425 2881 645 2974; x_wconf 77' lang='lat' dir='ltr'>Eindridius</span> <span class='ocrx_word' id='word_1_171' title='bbox 668 2905 759 2974; x_wconf 76' lang='lat' dir='ltr'>curn</span> <span class='ocrx_word' id='word_1_172' title='bbox 781 2881 860 2950; x_wconf 90' lang='lat' dir='ltr'>suis</span> <span class='ocrx_word' id='word_1_173' title='bbox 876 2877 1054 2952; x_wconf 81' lang='lat' dir='ltr'>omnibds</span> <span class='ocrx_word' id='word_1_174' title='bbox 1077 2883 1289 2976; x_wconf 81' lang='lat' dir='ltr'>baptizatus</span> 
     </span>
     <span class='ocr_line' id='line_1_27' title="bbox 298 2981 1288 3080; baseline -0.004 -24"><span class='ocrx_word' id='word_1_175' title='bbox 298 3002 376 3071; x_wconf 63' lang='lat' dir='ltr'>est,</span> <span class='ocrx_word' id='word_1_176' title='bbox 403 2984 472 3077; x_wconf 90' lang='lat' dir='ltr'>qui</span> <span class='ocrx_word' id='word_1_177' title='bbox 496 2981 633 3057; x_wconf 88' lang='lat' dir='ltr'>deinde</span> <span class='ocrx_word' id='word_1_178' title='bbox 657 2981 699 3052; x_wconf 92' lang='lat' dir='ltr'>in</span> <span class='ocrx_word' id='word_1_179' title='bbox 724 3005 933 3066; x_wconf 82' lang='lat' dir='ltr'>numerum</span> <span class='ocrx_word' id='word_1_180' title='bbox 949 2983 1174 3067; x_wconf 76' lang='lat' dir='ltr'>aulicorum</span> <span class='ocrx_word' id='word_1_181' title='bbox 1198 2985 1288 3080; x_wconf 85' lang='lat' dir='ltr'>regis</span> 
     </span>
     <span class='ocr_line' id='line_1_28' title="bbox 189 3083 1288 3178; baseline 0.004 -28"><span class='ocrx_word' id='word_1_182' title='bbox 189 3144 193 3150; x_wconf 89' lang='lat'>.</span> <span class='ocrx_word' id='word_1_183' title='bbox 299 3087 409 3160; x_wconf 87' lang='lat' dir='ltr'>Olavi</span> <span class='ocrx_word' id='word_1_184' title='bbox 430 3100 627 3176; x_wconf 90' lang='lat' dir='ltr'>receptus,</span> <span class='ocrx_word' id='word_1_185' title='bbox 655 3107 744 3154; x_wconf 88' lang='lat' dir='ltr'>cum</span> <span class='ocrx_word' id='word_1_186' title='bbox 767 3103 858 3177; x_wconf 85' lang='lat' dir='ltr'>rege</span> <span class='ocrx_word' id='word_1_187' title='bbox 883 3083 1130 3165; x_wconf 75' lang='lat' dir='ltr'>Nidero&#39;siam</span> <span class='ocrx_word' id='word_1_188' title='bbox 1149 3087 1288 3178; x_wconf 88' lang='lat' dir='ltr'>profec-</span> 
     </span>
     <span class='ocr_line' id='line_1_29' title="bbox 297 3183 1288 3280; baseline -0.003 -24"><span class='ocrx_word' id='word_1_189' title='bbox 297 3204 361 3258; x_wconf 86' lang='lat' dir='ltr'>tus</span> <span class='ocrx_word' id='word_1_190' title='bbox 382 3202 449 3260; x_wconf 87' lang='lat' dir='ltr'>est.</span> <span class='ocrx_word' id='word_1_191' title='bbox 502 3188 601 3258; x_wconf 86' lang='lat' dir='ltr'>Sunt</span> <span class='ocrx_word' id='word_1_192' title='bbox 616 3183 682 3276; x_wconf 90' lang='lat' dir='ltr'>qui</span> <span class='ocrx_word' id='word_1_193' title='bbox 700 3184 847 3274; x_wconf 87' lang='lat' dir='ltr'>dicant,</span> <span class='ocrx_word' id='word_1_194' title='bbox 871 3207 960 3254; x_wconf 88' lang='lat' dir='ltr'>eum</span> <span class='ocrx_word' id='word_1_195' title='bbox 970 3203 1060 3255; x_wconf 89' lang='lat' dir='ltr'>cum</span> <span class='ocrx_word' id='word_1_196' title='bbox 1074 3207 1171 3280; x_wconf 81' lang='lat' dir='ltr'>rege</span> <span class='ocrx_word' id='word_1_197' title='bbox 1182 3191 1288 3260; x_wconf 77' lang='lat' dir='ltr'>Olaro</span> 
     </span>
     <span class='ocr_line' id='line_1_30' title="bbox 298 3279 1287 3380; baseline 0 -22"><span class='ocrx_word' id='word_1_198' title='bbox 298 3289 342 3380; x_wconf 88' lang='lat' dir='ltr'>in</span> <span class='ocrx_word' id='word_1_199' title='bbox 353 3289 536 3379; x_wconf 79' lang='lat' dir='ltr'>serpente</span> <span class='ocrx_word' id='word_1_200' title='bbox 545 3285 820 3379; x_wconf 84' lang='lat' dir='ltr'>fuisse(pugnae</span> <span class='ocrx_word' id='word_1_201' title='bbox 829 3279 1031 3378; x_wconf 76' lang='lat' dir='ltr'>Svlildricae</span> <span class='ocrx_word' id='word_1_202' title='bbox 1043 3286 1287 3380; x_wconf 80' lang='lat' dir='ltr'>interfuisse),</span> 
     </span>
     <span class='ocr_line' id='line_1_31' title="bbox 298 3387 1026 3482; baseline -0.005 -22"><span class='ocrx_word' id='word_1_203' title='bbox 298 3389 434 3482; x_wconf 82' lang='lat' dir='ltr'>ibique</span> <span class='ocrx_word' id='word_1_204' title='bbox 451 3387 659 3460; x_wconf 67' lang='lat' dir='ltr'>cecidisse.v</span> <span class='ocrx_word' id='word_1_205' title='bbox 881 3443 884 3450; x_wconf 93' lang='lat'>.</span> <span class='ocrx_word' id='word_1_206' title='bbox 1015 3405 1026 3419; x_wconf 85' lang='lat'><strong><em>¹</em></strong></span> 
     </span>
     <span class='ocr_line' id='line_1_32' title="bbox 404 3485 1288 3582; baseline -0.001 -24"><span class='ocrx_word' id='word_1_207' title='bbox 404 3489 495 3580; x_wconf 78' lang='lat' dir='ltr'>Cep‘.</span> <span class='ocrx_word' id='word_1_208' title='bbox 515 3493 590 3562; x_wconf 78' lang='lat'><strong>236.</strong></span> <span class='ocrx_word' id='word_1_209' title='bbox 654 3489 744 3560; x_wconf 85' lang='lat' dir='ltr'>Rex·</span> <span class='ocrx_word' id='word_1_210' title='bbox 760 3488 900 3570; x_wconf 79' lang='lat' dir='ltr'>Olavus</span> <span class='ocrx_word' id='word_1_211' title='bbox 925 3486 965 3557; x_wconf 89' lang='lat' dir='ltr'>id</span> <span class='ocrx_word' id='word_1_212' title='bbox 988 3485 1173 3582; x_wconf 86' lang='lat' dir='ltr'>deinceps</span> <span class='ocrx_word' id='word_1_213' title='bbox 1201 3511 1288 3582; x_wconf 89' lang='lat' dir='ltr'>saepe</span> 
     </span>
     <span class='ocr_line' id='line_1_33' title="bbox 235 3588 1287 3682; baseline 0.001 -24"><span class='ocrx_word' id='word_1_214' title='bbox 235 3597 255 3678; x_wconf 66' lang='grc' dir='ltr'>ζ’</span> <span class='ocrx_word' id='word_1_215' title='bbox 300 3588 521 3682; x_wconf 70' lang='lat' dir='ltr'>speciminis</span> <span class='ocrx_word' id='word_1_216' title='bbox 547 3589 634 3658; x_wconf 91' lang='lat' dir='ltr'>loco</span> <span class='ocrx_word' id='word_1_217' title='bbox 654 3589 772 3669; x_wconf 84' lang='lat' dir='ltr'>simul</span> <span class='ocrx_word' id='word_1_218' title='bbox 800 3588 940 3679; x_wconf 87' lang='lat' dir='ltr'>edidit,</span> <span class='ocrx_word' id='word_1_219' title='bbox 976 3589 1054 3658; x_wconf 91' lang='lat' dir='ltr'>suis</span> <span class='ocrx_word' id='word_1_220' title='bbox 1076 3613 1220 3662; x_wconf 83' lang='lat' dir='ltr'>navem</span> <span class='ocrx_word' id='word_1_221' title='bbox 1240 3615 1287 3660; x_wconf 83' lang='lat' dir='ltr'>se</span> 
     </span>
     <span class='ocr_line' id='line_1_34' title="bbox 301 3690 1287 3782; baseline -0.001 -22"><span class='ocrx_word' id='word_1_222' title='bbox 301 3691 471 3763; x_wconf 90' lang='lat' dir='ltr'>cundum</span> <span class='ocrx_word' id='word_1_223' title='bbox 489 3690 620 3759; x_wconf 85' lang='lat' dir='ltr'>littora</span> <span class='ocrx_word' id='word_1_224' title='bbox 632 3691 955 3782; x_wconf 85' lang='lat' dir='ltr'>propellentibus,</span> <span class='ocrx_word' id='word_1_225' title='bbox 981 3704 1026 3760; x_wconf 85' lang='lat' dir='ltr'>ut</span> <span class='ocrx_word' id='word_1_226' title='bbox 1036 3704 1145 3762; x_wconf 83' lang='lat' dir='ltr'>extre</span> <span class='ocrx_word' id='word_1_227' title='bbox 1159 3713 1287 3763; x_wconf 76' lang='lat' dir='ltr'>navem</span> 
     </span>
     <span class='ocr_line' id='line_1_35' title="bbox 299 3789 1286 3885; baseline 0.001 -23"><span class='ocrx_word' id='word_1_228' title='bbox 299 3813 518 3883; x_wconf 72' lang='lat' dir='ltr'>pensemus</span> <span class='ocrx_word' id='word_1_229' title='bbox 540 3790 755 3879; x_wconf 85' lang='lat' dir='ltr'>incederet,</span> <span class='ocrx_word' id='word_1_230' title='bbox 782 3803 824 3859; x_wconf 92' lang='lat' dir='ltr'>et</span> <span class='ocrx_word' id='word_1_231' title='bbox 837 3789 1013 3885; x_wconf 73' lang='lat' dir='ltr'>gladiolis</span> <span class='ocrx_word' id='word_1_232' title='bbox 1029 3790 1207 3882; x_wconf 70' lang='lat' dir='ltr'>luderet,</span> <span class='ocrx_word' id='word_1_233' title='bbox 1232 3815 1286 3864; x_wconf 89' lang='lat' dir='ltr'>cu·</span> 
     </span>
     <span class='ocr_line' id='line_1_36' title="bbox 261 3885 1095 3982; baseline -0.002 -20"><span class='ocrx_word' id='word_1_234' title='bbox 261 3927 265 3935; x_wconf 84' lang='lat'>·</span> <span class='ocrx_word' id='word_1_235' title='bbox 299 3895 362 3982; x_wconf 87' lang='lat' dir='ltr'>jus</span> <span class='ocrx_word' id='word_1_236' title='bbox 376 3892 435 3962; x_wconf 87' lang='lat' dir='ltr'>rei</span> <span class='ocrx_word' id='word_1_237' title='bbox 451 3891 799 3970; x_wconf 67' lang='lat' dir='ltr'>mentionemfacit</span> <span class='ocrx_word' id='word_1_238' title='bbox 813 3885 1095 3964; x_wconf 72' lang='lat' dir='ltr'>Hellarstei&#39;nn:</span> 
     </span>
     <span class='ocr_line' id='line_1_37' title="bbox 263 3985 1137 4088; baseline 0.002 -27"><span class='ocrx_word' id='word_1_239' title='bbox 263 3985 269 3992; x_wconf 72' lang='grc'>’</span> <span class='ocrx_word' id='word_1_240' title='bbox 391 4049 400 4064; x_wconf 90' lang='grc'><strong>.</strong></span> <span class='ocrx_word' id='word_1_241' title='bbox 435 3991 620 4088; x_wconf 86' lang='lat' dir='ltr'>Princeps</span> <span class='ocrx_word' id='word_1_242' title='bbox 638 3992 729 4061; x_wconf 83' lang='lat' dir='ltr'>duas</span> <span class='ocrx_word' id='word_1_243' title='bbox 748 3992 920 4086; x_wconf 70' lang='lat' dir='ltr'>exepcuit</span> <span class='ocrx_word' id='word_1_244' title='bbox 935 3991 1053 4064; x_wconf 88' lang='lat' dir='ltr'>simul</span> <span class='ocrx_word' id='word_1_245' title='bbox 1134 4021 1137 4036; x_wconf 85' lang='grc'><em>·</em></span> 
     </span>
     <span class='ocr_line' id='line_1_38' title="bbox 437 4093 1032 4184; baseline -0.003 -22"><span class='ocrx_word' id='word_1_246' title='bbox 437 4094 569 4178; x_wconf 82' lang='lat' dir='ltr'>Artes,</span> <span class='ocrx_word' id='word_1_247' title='bbox 598 4115 691 4182; x_wconf 84' lang='lat' dir='ltr'>quas</span> <span class='ocrx_word' id='word_1_248' title='bbox 704 4093 796 4162; x_wconf 88' lang='lat' dir='ltr'>novi</span> <span class='ocrx_word' id='word_1_249' title='bbox 808 4095 1013 4184; x_wconf 85' lang='lat' dir='ltr'>pauciores</span> <span class='ocrx_word' id='word_1_250' title='bbox 1030 4093 1032 4100; x_wconf 86' lang='lat'>&#39;</span> 
     </span>
     <span class='ocr_line' id='line_1_39' title="bbox 438 4190 1110 4294; baseline 0.013 -38"><span class='ocrx_word' id='word_1_251' title='bbox 438 4191 653 4294; x_wconf 79' lang='lat' dir='ltr'>exercuisse</span> <span class='ocrx_word' id='word_1_252' title='bbox 672 4190 847 4280; x_wconf 81' lang='lat' dir='ltr'>custodes</span> <span class='ocrx_word' id='word_1_253' title='bbox 873 4194 1110 4289; x_wconf 70' lang='lat' dir='ltr'>gladiorum,</span> 
     </span>
    </p>
   </div>
   <div class='ocr_carea' id='block_1_3' title="bbox 0 0 1353 4678">
    <p class='ocr_par' dir='ltr' id='par_1_3' title="bbox 0 0 1353 4678">
     <span class='ocr_line' id='line_1_40' title="bbox 0 0 1353 4678; baseline 0 0"><span class='ocrx_word' id='word_1_254' title='bbox 0 0 1353 4678; x_wconf 95' lang='lat' dir='ltr'> </span> 
     </span>
    </p>
   </div>
  </div>
 </body>
</html>
