2640 4682
192 377 194 384 v
343 357 432 448 130
643 353 939 436 =·....··.......··‘··
1137 309 1252 439 ιιιί.

168 625 173 638 ·
235 643 238 660 ,
282 596 430 656 terram
445 577 677 680 escendunt,
704 583 1156 678 artesquesuesmagicas
1170 607 1256 654 exer·

286 706 373 758 cere
389 681 602 774 incipiunt,
628 681 770 772 quibus
790 681 984 775 Eyvindus
1000 680 1039 752 vi
1051 687 1194 779 magica
1207 709 1257 781 pe·

284 786 382 858 ravit
400 784 551 877 galeam
567 784 809 858 occulentem
828 782 999 897 adeoque
1018 785 1174 856 densam
1187 786 1259 856 cali·

286 887 376 982 gine
398 884 602 999 nebulam,
643 907 693 952 ne
719 883 765 952 ab
785 903 877 976 rege
904 885 1065 998 ejusque
1095 887 1258 956 comitatu

288 986 457 1078 conspici
471 998 635 1076 possent.
666 983 764 1054 Cum
778 1007 867 1054 vero
888 984 1006 1054 cdlvi
991 986 1087 1056 llam
1097 978 1260 1082 Ogvatds-

211 1150 215 1162 ,
286 1067 370 1160 tiesi
396 1085 768 1177 appropinquarent,
799 1107 873 1154 res
869 1086 999 1180 louge
1022 1088 1138 1158 aliter
1163 1103 1261 1180 atque

203 1227 205 1230 ·
274 1188 520 1284 ‘cogitaverat
544 1179 758 1299 Eyvindus,
794 1185 950 1272 cecidit3
984 1187 1133 1260 etenim
1157 1192 1261 1282 caligo

262 1354 265 1366 ,
287 1290 493 1402 nebulosa,
518 1305 633 1378 quem
647 1287 684 1354 vi
698 1281 847 1380 magica
865 1287 1062 1378 effecerat,
1091 1312 1206 1382 super
1219 1292 1263 1380 ip
1311 1348 1312 1351 ι

213 1384 244 1440 s
289 1412 376 1460 sum
401 1391 562 1479 ejusque
586 1386 813 1456 comitatum
837 1389 962 1476 stetit,
1005 1403 1124 1481 etque
1156 1394 1262 1460 subito

289 1490 474 1560 omnium
467 1481 610 1558 oculos
621 1500 726 1556 tonte
739 1503 886 1558 caectttts
898 1494 1110 1580 occupant,
1138 1505 1264 1562 utocu·

208 1628 210 1634 v
233 1625 234 1632 ι
288 1593 337 1661 lis
351 1608 429 1661 ιιοιι
446 1581 566 1682 magis
587 1603 703 1678 quem
720 1584 865 1660 cervice
881 1607 1104 1703 cernerent,
1133 1615 1265 1662 omnes

289 1715 371 1784 que
378 1677 420 1760 1ιί
438 1685 571 1760 orbem
584 1691 889 1803 circumquaque
905 1690 1052 1762 irent.-
1077 1694 1265 1774 Excubito-

221 1833 223 1838 ,
289 1789 484 1885 resrogii,
510 1803 691 1882 vagantes
721 1787 974 1884 conspicati,
983 1785 1073 1873 otim
1089 1795 1267 1864 nescirent

290 1916 374 1984 quae
392 1911 526 1962 manus
539 1905 655 1980 esset,
683 1911 766 1958 rem
778 1885 826 1960 ad
838 1913 977 1985 regem
990 1892 1183 1984 detodere,
1204 1917 1265 1986 quo

288 2009 464 2082 tempore
492 2005 626 2060 centus
649 1991 862 2060 matutinus
889 1987 1072 2064 adfinem
1100 2007 1183 2065 eret
1195 2017 1266 2087 per

291 2093 439 2162 ductus
492 2095 577 2164 Rex
576 2111 782 2196 egressus,
808 2111 898 2162 cum
913 2089 1265 2188 Eyvindumacsuos
1311 2090 1312 2099 ’

223 2221 233 2250 ι
258 2266 259 2275 ,
289 2207 468 2307 vagantes
486 2182 744 2284 conspiceret,
770 2213 971 2271 suosarms
986 2195 1264 2284 induereJ'ussit,
1310 2225 1311 2232 ¹

288 2296 528 2388 propiusque
565 2287 787 2364 accedentes
807 2289 1080 2386 contemplari,
1124 2296 1191 2388 qui
1210 2299 1264 2366 ho·

287 2397 440 2466 minum
461 2403 605 2482 essent,
633 2394 797 2508 quitum
813 2393 911 2474 mire
931 2393 1166 2468 incederent.
1214 2396 1266 2467 Illi
1311 2418 1312 2471 3

245 2531 251 2534 -
288 2497 390 2584 jussa
401 2483 570 2590 faciqnt3
597 2496 695 2589 regii
714 2495 929 2587 Eyvindum
950 2491 1110 2566 Keldam
1125 2521 1267 2570 noscen

85 2577 89 2584 ⁸
118 2627 125 2637 ·
182 2643 188 2656 .
289 2611 367 2686 tes,
394 2597 591 2666 universos
597 2593 1006 2687 comprehenderunt,
1035 2599 1264 2684 etadvillam,

227 2745 230 2750 -
292 2697 428 2768 deinde
453 2690 499 2766 ad
522 2714 657 2792 regem
684 2720 705 2765 a
730 2696 843 2767 missa
868 2697 1097 2769 redeuntem
1117 2699 1265 2770 deduxe-

289 2807 392 2869 runt
446 2795 550 2874 Tum
566 2791 760 2892 Eyvindus
778 2798 906 2868 omnia
924 2797 970 2866 de
982 2821 1050 2867 suo
1068 2797 1203 2870 itinere
1215 2821 1265 2868 ex·

276 2899 436 2992 posuit,
472 2911 587 2988 atque
610 2895 788 2989 insuper,
825 2921 864 2968 se
882 2897 1007 2974 enimn
1029 2901 1265 2970 constitutum

280 2986 483 3088 habuisse,
520 3013 653 3092 regem
678 2999 873 3094 inopinato
901 3001 1142 3092 opprimere,
1176 3023 1265 3070 eum-

178 3139 180 3148 >
292 3119 366 3193 que·
385 3107 453 3170 aut
469 3078 1043 3214 somuoobrutpminterficere,
1059 3099 1263 3174 autinaedi-

211 3195 216 3206 '
289 3204 360 3272 bus
382 3224 470 3270 cum
486 3201 663 3272 omnibus
674 3218 1023 3275 su1sooncremare
1078 3205 1161 3274 Rex
1177 3200 1262 3270 infit:

200 3381 202 3386 ,
290 3321 395 3372 nunc
414 3314 571 3370 euentus
584 3293 725 3390 docuit,
751 3302 927 3393 vosipsos
941 3295 1149 3372 incidisse
1138 3323 1263 3374 menn

292 3398 380 3472 dem
401 3397 586 3516 laqueum
601 3415 668 3470 aut
685 3399 914 3516 decipulam,
930 3404 1066 3494 quibus
1082 3401 1195 3474 alios
1185 3425 1263 3472 irre·

289 3502 488 3592 tivissetis,
515 3500 590 3572 nisi
604 3502 809 3584 obstitisset
829 3503 988 3592 caecitos,
1017 3527 1094 3594 qua
1112 3511 1157 3574 tu
1172 3497 1262 3573 ettui

291 3597 512 3694 septiestis3
540 3621 629 3672 vero
647 3622 800 3695 qnoque
816 3603 894 3674 fuit
904 3599 1039 3690 simile,
1067 3603 1261 3676 misericor*

291 3699 395 3782 diam
416 3699 477 3772 dei
502 3703 796 3794 omnipotentis,
823 3706 1087 3794 auxiliumque
1108 3709 1187 3794 ejus
1202 3700 1261 3774 exi
1311 3750 1312 3753 ,

251 3877 254 3886 5
289 3805 458 3896 miorum
461 3804 719 3898 angelorum,
747 3821 913 3896 quorum
930 3805 1110 3874 custodiae
1130 3821 1166 3875 et
1181 3819 1261 3874 tute·

228 3899 230 3906 ’
289 3906 489 3994 lzepopul
491 3921 559 3974 um
583 3923 697 3975 suum
727 3907 949 4006 commitit,
990 3895 1081 3995 plus
1104 3907 1256 3980 valitura.

290 4025 406 4094 quam
427 4018 512 4072 tuas
529 4006 693 4098 magicas
711 4019 830 4095 artes,
856 4019 924 4073 aut
938 4000 1184 4095 maledictum
1199 4005 1258 4074 dia

265 4117 268 4126 ’
288 4103 367 4173 boli
380 4103 583 4194 nuntium,
611 4105 795 4196 Odinem,
823 4106 889 4197 qui
907 4089 999 4177 ideo
1008 4108 1257 4198 tempestivum

137 4297 139 4304 Α
236 4306 239 4317 Ι
291 4222 470 4272 somnum
486 4201 664 4291 5ιιοιιιι11ιε
678 4205 818 4279 fabulis
836 4203 945 4278 nobis
963 4206 1147 4300 tardavit,
1169 4220 1207 4280 ut
1220 4221 1254 4272 eo
