2634 4682
31 387 154 490 arao.
404 385 678 453 ...a-z

30 609 173 674 autem
189 611 323 666 recens
345 603 495 682 estate,
520 615 620 667 cum
642 611 714 664 rex
724 591 863 680 Olarus
880 601 1030 693 Trygg·

31 700 89 770 vii
110 699 215 770 filius
240 698 403 788 q'uatuor
424 692 572 764 hiemes
592 694 790 788 Norvegiae
808 697 1028 788 praefuerat,

29 799 265 888 Gudrbdus,
291 796 337 865 ab
354 794 654 888 Angliavectus,
679 819 768 867 cum
780 801 914 874 multis
926 801 1031 870 navi·

31 904 116 972 bus
141 898 292 970 bellicis
317 895 360 968 in
375 892 610 988 Norvegiam
629 896 755 986 renim
795 919 884 970 cum
900 915 1031 970 autem

30 998 243 1093 Norvegiae
261 995 454 1068 littoribus
471 1017 511 1064 se
524 995 602 1084 jam
615 995 786 1066 vicinum
803 1001 1028 1092 autumavit,

2 1123 6 1132 ’
30 1100 157 1172 versis
171 1111 345 1170 austrum
359 1117 488 1166 versus
503 1095 617 1186 velis,
641 1095 709 1164 ubi
720 1098 882 1170 Olavum
897 1123 1031 1194 regem

29 1225 118 1276 non
133 1200 263 1274 adesse
273 1197 457 1289 speravit,
477 1194 665 1268 orientem
682 1213 812 1268 versus
823 1199 864 1272 in
878 1200 1043 1273 Vikiam'

2 1386 3 1389 Ἴ
29 1298 227 1385 tetendit,
251 1311 456 1392 postquam
473 1296 519 1366 ad
534 1309 678 1366 terram
694 1299 862 1389 appulit,
885 1301 1030 1391 praedas

30 1419 168 1498 agere¹
180 1399 400 1490 incolasque
422 1391 598 1492 subigere
617 1398 784 1490 occepit,
818 1403 1028 1491 postulans,

30 1518 80 1573 ut
106 1524 149 1570 se
166 1521 300 1593 regem
321 1511 531 1567 sumerent.
594 1498 754 1586 Incolae,
788 1499 958 1571 videntes
986 1524 1029 1571 se

31 1601 193 1696 ingenti
223 1598 394 1670 exercitu
414 1598 519 1690 peti,
556 1620 692 1690 pacem
721 1599 860 1682 sibiae
886 1600 1047 1674 foedera·

29 1703 162 1795 pacti,
186 1699 272 1794 regi
289 1697 609 1796 promittunt,se
630 1698 745 1772 misso
765 1721 836 1790 per
851 1702 1028 1796 regiones

14 1800 179 1902 ,nuntio
203 1803 391 1892 populum
416 1797 462 1868 ad
481 1797 697 1890 frequentia
722 1800 876 1870 comitia
893 1825 1029 1906 convo·
1122 1881 1129 1898 „
1162 1837 1166 1856 ι

32 1918 214 1990 caturos,
253 1924 345 1970 nam
367 1900 485 1969 malle
506 1923 546 1970 se
566 1900 680 1970 illum
710 1923 860 1970 sumere
883 1924 1027 1995 regem,

33 2025 161 2096 quam
184 1999 357 2072 militum
380 2000 621 2073 vexationem
635 1999 757 2086 ferre3
795 2002 883 2071 heic
910 2005 1029 2096 longa
1137 2041 1143 2056 ·

30 2101 227 2196 temporis
243 2123 351 2170 mora
361 2103 573 2190 postulata,
608 2100 700 2170 dum
716 2100 853 2185 missus
867 2103 1028 2174 nuntius
1125 2161 1127 2168 .

30 2220 165 2275 totam
172 2201 322 2282 Vikiam
338 2200 386 2270 ad
403 2199 604 2270 indicenda
618 2201 774 2282 comitia
793 2202 1026 2274 circumiret.
1058 2232 1061 2244 ·

31 2309 227 2378 Poscente
241 2309 428 2394 tumre'ge
445 2314 728 2372 commeatuum
746 2304 908 2392 tributa,
936 2305 1030 2374 dum

32 2405 198 2484 duraret
216 2425 260 2472 aa
275 2425 402 2490 mora,
428 2402 600 2480 maluere
614 2402 741 2472 coloni
760 2404 844 2497 regi
859 2405 1029 2475 convivia

32 2521 212 2593 struere,
261 2499 444 2593 quamdiu
468 2524 564 2594 opus
588 2517 687 2572 esset
710 2505 749 2572 et
768 2503 1047 2599 promulgatio

33 2603 290 2676 comitiorum
301 2603 542 2694 postularet,
586 2604 748 2694 Accepit
768 2604 1030 2678 conditionem

31 2730 129 2794 rear,
158 2704 225 2796 qui
241 2716 350 2797 parte
367 2701 565 2796 copiarum
579 2704 779 2775 comitatus
796 2705 842 2776 ad
858 2705 1040 2776 convivia

31 2806 241 2900 regionem
255 2803 369 2896 coepit
381 2803 508 2892 obire,
533 2804 654 2874 altera
668 2807 779 2897 part'e
791 2806 952 2900 navium
963 2830 1029 2877 cu·

33 2906 173 2978 stodiae
193 2904 338 2976 relicta.
391 2907 562 2994 Fratres,
594 2906 771 2999 Thorger
794 2921 833 2976 et
859 2907 1029 3000 Hyrnin-

33 3031 133 3104 gus,
159 3005 259 3100 regis
277 3002 386 3076 Olavi
403 3004 554 3104 aflines,
583 3006 664 3092 ejus
680 3005 836 3076 nomine
855 3007 1029 3097 praefecti

34 3119 153 3183 erant
170 3104 366 3176 constituti
382 3106 501 3177 totius
517 3105 658 3195 Vikiae,
686 3129 777 3177 cum
795 3131 862 3177 rex
882 3109 965 3200 ipse
986 3109 1029 3180 in

33 3207 188 3281 boreali
200 3205 311 3300 regni
323 3220 590 3301 parteageret3
612 3207 681 3276 hos
694 3208 831 3298 coloni,
851 3231 1028 3300 pernun-

33 3305 159 3396 tium,
194 3307 261 3400 qui
277 3329 472 3378 cursorem
490 3307 723 3378 comitialem
738 3310 852 3405 longe
866 3331 1029 3402 praever·
1120 3317 1123 3325 “

34 3412 171 3498 tebet,
194 3408 378 3478 certiores
393 3407 521 3478 fecere
537 3407 584 3480 do
601 3405 913 3501 populationibus
924 3411 1029 3482 Gud-

35 3510 126 3583 radi
139 3509 260 3604 regis,
289 3523 328 3578 et
341 3529 458 3599 quem
473 3509 659 3578 inlocum
675 3533 736 3578 res
758 3524 843 3580 tum
866 3511 1028 3586 deducta

36 3623 163 3712 esset3
203 3633 297 3702 quae,
312 3601 401 3679 cum
413 3609 550 3680 fratres
571 3610 823 3702 accepissent,
849 3612 1028 3706 sagittam

34 3711 136 3783 belli
149 3709 325 3780 nuntiam
338 3732 409 3801 per
427 3732 559 3794 omnes
573 3725 699 3802 partes
711 3711 948 3803 dimiserunt,
967 3735 1028 3783 co·

35 3814 124 3906 pias
147 3835 217 3904 par
240 3832 372 3880 omnes
398 3810 579 3880 finitimas
592 3803 805 3901 provincias
824 3813 924 3892 adse
943 3838 1029 3884 evo-

39 3928 195 4001 carunt,
221 3934 335 3981 naves
350 3926 663 4002 comparaverunt
680 3913 718 3981 et
731 3915 889 3983 boream
898 3938 1029 3984 versus

37 4013 250 4087 inVikiam
264 4012 565 4096 contenderunt3
591 4027 712 4102 noctu,
727 4036 816 4082 cum
834 4016 952 4106 copiis
971 4018 1039 4085 lo·-

40 4139 132 4184 cum
147 4114 345 4202 adierunt,
372 4113 437 4182 ubi
450 4137 518 4182 rex
531 4113 733 4192 Gudrbdus
750 4117 1027 4208 convivabatur,

42 4239 209 4307 eumque
222 4215 313 4310 igne
325 4214 505 4308 ferroque
521 4215 694 4310 aggressi
708 4229 819 4301 sunt3
846 4218 902 4288 ibi
924 4220 1029 4292 Gud-

709 4521 717 4528 “
823 4509 830 4540 l
