2634 4682
377 389 469 494 174
664 413 952 504 z,
1115 409 1263 488 ,eno

312 624 393 716 dis,
406 616 501 698 'meo
518 633 599 692 arte
612 618 790 711 effectus,
816 619 978 715 gliscere
995 621 1131 716 coepit,
1163 625 1264 719 egoir

313 726 478 800 scabello
511 721 710 791 considens
740 722 880 814 pedem
899 721 1035 813 fricui,
1076 727 1190 796 donec
1207 741 1264 795 torn

312 852 381 902 rex
398 846 513 916 quam
528 822 727 915 episcopus
743 845 877 892 somno
896 837 1020 894 essent
1035 827 1182 911 obruti,
1204 841 1265 896 tun
1290 861 1291 898 l

251 987 254 998 .
312 953 376 1004 me
394 946 509 1018 super
526 944 661 1022 regem
675 923 905 1012 extendens,
934 923 1050 995 illum
1064 950 1149 998 mea
1164 927 1266 998 nocin
1290 953 1291 966 ¹

291 1037 501 1126 potestate
525 1023 686 1117 perdere
705 1047 917 1116 necemque
937 1023 1080 1096 inferre
1112 1028 1266 1121 cogitavit

312 1131 380 1205 sed
399 1123 484 1216 rex,
515 1139 673 1217 repente
689 1123 994 1221 expergefactus,
1020 1127 1164 1199 librum
1179 1151 1269 1221 quen-

312 1233 401 1306 dem
421 1226 581 1300 tentavi
599 1225 642 1296 in
659 1239 774 1317 caput
785 1217 922 1297 'meum
940 1225 1119 1317 incussit,
1146 1243 1189 1320 pt
1211 1253 1269 1298 cra·

233 1345 246 1430 'j
311 1333 424 1417 nium
451 1327 660 1398 admodum
677 1325 941 1416 colliderem,
976 1351 1051 1420 qua
1072 1330 1271 1402 contusione

232 1445 242 1520 ξ
312 1435 378 1506 ita.
389 1431 523 1502 effecta
542 1427 694 1522 aufugi,
727 1440 773 1498 ut
790 1427 927 1497 exinde
944 1450 1096 1521 semper
1112 1445 1220 1522 caput
1231 1430 1272 1498 in-

238 1551 240 1558 “
314 1536 414 1606 cline
435 1545 598 1626 gestem,
624 1551 824 1622 nunquam
840 1529 970 1598 dolore
980 1553 1154 1602 vacuum.
1206 1530 1292 1624 Qui-l

160 1621 162 1636 ¹
256 1655 263 1668 '
312 1637 383 1708 bus
398 1633 512 1702 rebus
526 1631 615 1708 visis
630 1643 668 1700 et
683 1629 838 1718 auditis,
866 1629 964 1724 regii
973 1631 1116 1701 milites
1132 1646 1275 1702 reverte·
1291 1633 1292 1710 l

313 1749 406 1814 runt
432 1721 477 1803 et'
492 1755 605 1807 naves
623 1730 808 1803 submisso
828 1730 967 1826 gradu,
994 1755 1045 1802 ne
1066 1733 1150 1826 quis
1165 1753 1275 1823 exper-

215 1869 220 1878 .
313 1836 489 1932 gefreret,
516 1833 754 1926 petiverunt
799 1831 981 1924 Sequenti
993 1851 1084 1904 vero
1094 1831 1275 1924 moneregi

315 1936 532 2026 ceterisque,
558 1931 735 2003 omnibus
772 1953 857 2003 rem
881 1953 1038 2002 omnem
1068 1933 1274 2006 indicarunt.

313 2041 396 2112 Rex
411 2038 566 2107 locutus
579 2045 652 2102 est:
678 2031 760 2102 haec
776 2032 924 2121 omnia,
952 2056 1037 2124 quae
1054 2033 1191 2124 dicitis,
1209 2057 1275 2102 vera

313 2151 422 2222 sunt,
449 2135 610 2228 ensigno
627 2145 695 2222 est,
722 2132 836 2225 quod,
863 2133 1043 2204 defricato
1060 2158 1183 2226 crure,
1202 2135 1293 2226 epis?

315 2261 454 2329 copurn
480 2247 614 2306 somno
636 2232 816 2323 excitavi,
847 2255 987 2327 rogans
1010 2249 1054 2303 ut
1080 2236 1274 2328 inspiceret,

314 2362 363 2410 en
379 2361 447 2429 pes
462 2337 603 2412 illaesus
621 2347 719 2404 esset
728 2335 892 2405 adventu
909 2333 1091 2406 doemonis
1106 2337 1209 2425 ejus,
1228 2335 1274 2426 qui

240 2442 243 2452 '
312 2453 393 2520 torn
408 2451 538 2529 aperto
556 2449 736 2506 ettamen
752 2433 912 2504 humani
926 2435 1096 2527 corporis
1113 2437 1275 2508 adscititie

314 2539 442 2631 specie
468 2537 646 2608 cubicula
668 2551 796 2606 nostra
818 2528 1059 2606 intraveratf·
1090 2525 1189 2608 Gum
1208 2557 1274 2606 vero

314 2641 515 2732 episcopus
539 2635 722 2706 accedens
746 2636 936 2729 inspexit,
984 2635 1101 2708 livide
1136 2640 1294 2724 maculet

313 2763 461 2812 veneno
477 2739 626 2825 inflata,
662 2749 814 2828 reperta
840 2750 916 2822 est3
957 2761 1073 2829 quarn
1098 2739 1274 2831 episcopus

228 2880 230 2884 .
315 2864 404 2912 cum
419 2861 531 2910 carne
542 2851 581 2910 et
591 2837 771 2930 sangvine
786 2837 954 2908 exsecari
967 2838 1079 2928 fecit,
1109 2839 1274 2932 quodvul-

307 2952 716 3032 nusposteasanntum
725 2938 942 3009 cicatricem
956 2939 1128 3031 reliquit,
1140 2940 1273 3033 inpede,

315 3040 601 3136 qu'oadvilrero,
627 3037 946 3129 conspiciendum.
1008 3040 1153 3112 Omnes
1173 3055 1273 3112 tamer

306 3165 421 3221 rneos
437 3140 580 3212 milites
595 3139 800 3231 prohibeo,
824 3139 983 3216 novibus
997 3138 1040 3210 in
1054 3156 1273 3215 terramnoc·

238 3287 247 3292 -
313 3259 359 3322 tu
383 3241 533 3336 egredi,
566 3239 646 3312 sota
664 3239 736 3310 hac
758 3240 998 3330 curiositate,
1024 3241 1120 3314 citro
1146 3261 1273 3315 omnen

311 3344 601 3432 necessitatem,
611 3401 616 3412 .
628 3335 776 3414 ductos,
823 3342 997 3414 Posthaec
1010 3365 1086 3426 ⁴rex
1106 3345 1238 3416 olavus
1251 3351 1273 3408 et

315 3445 514 3538 episcopus
528 3465 620 3512 cum
635 3441 852 3518 lectissimis
867 3441 985 3533 copiis
1006 3465 1141 3515 omnes
1156 3443 1271 3514 vicinos

150 3521 152 3528 ,
223 3621 226 3626 ,
271 3623 273 3629 Α
312 3560 557 3636 tractuscum
567 3543 743 3616 crucibus
760 3541 799 3614 et
812 3544 927 3613 sacris
936 3543 1111 3637 reliquiis
1126 3547 1271 3620 obibant,

312 3643 413 3738 aqud
430 3641 648 3718 consecrate
665 3665 754 3714 sexa
769 3666 980 3736 rupesque,
1005 3646 1127 3717 velles
1145 3658 1183 3716 et
1194 3641 1272 3714 colli·

314 3748 421 3818 culos
438 3758 678 3838 sparserunt,
706 3758 745 3814 et
760 3746 873 3815 sacris
885 3743 1068 3836 'precibus
1090 3759 1131 3816 et
1152 3745 1209 3816 dei
1227 3765 1271 3812 au·

312 3846 428 3936 xilio,
447 3869 673 3939 quncunque
684 3844 859 3936 iverunt,
886 3844 1016 3922 omnio
1037 3847 1124 3918 loca
1147 3841 1269 3916 amatr

312 3947 435 4043 geniis
460 3960 499 4016 et
513 3946 675 4038 inipuris
691 3943 887 4042 spiritibus
902 3933 1142 4040 purgarunt,
1172 3945 1269 4016 ethos

312 4061 564 4139 pactoomnes
574 4047 717 4119 incolas
729 4048 781 4122 ab,
788 4042 1034 4121 inimicorum
1045 4037 1268 4141 (demonum)

166 4167 168 4180 ·
197 4217 201 4230 ,
314 4143 497 4216 servitute
523 4151 551 4216 tr
578 4147 825 4239 oppressione
857 4148 1080 4221 liberarunt.
1150 4143 1266 4244 Quibus

315 4245 431 4344 gestis
441 4255 565 4316 'neves
588 4247 803 4342 petierunt,
832 4262 870 4320 et
890 4248 965 4320 iter
977 4263 1151 4322 austrum
1165 4262 1265 4320 versus
