2800 4678
72 441 208 564 roso·
298 445 302 452 ·
434 431 778 476 ········'
880 418 993 512 Ι147

71 649 154 718 lum
179 643 280 740 apud
308 662 347 718 te
373 648 545 722 animum
573 648 875 764 deprehendam,
913 673 1055 745 rosque

52 751 245 826 ,omnium
268 749 410 836 judicio
427 747 518 819 boni
535 751 605 818 viri
624 752 859 840 habeamini,
897 757 1055 844 permit

69 864 167 939 tam,
199 847 244 918 ut
266 850 400 919 fanum
420 847 479 919 his
501 847 800 948 conditionibus,
828 877 919 943 quas
939 855 1053 924 modo

70 950 210 1038 dixisti,
236 950 429 1019 intactum
438 943 588 1018 'maneat
591 951 742 1048 ,potius
756 976 871 1042 quam
885 953 1053 1024 christia

67 1051 393 1144 namreligionem
403 1049 607 1142 denegetis,
622 1065 933 1142 certaquemorte
943 1077 1052 1146 pere

68 1153 151 1220 atis.
209 1151 356 1244 Quibus
379 1150 488 1220 dictis
506 1150 645 1232 Sveinn
657 1166 806 1243 patrem
821 1168 1052 1228 conventum

65 1245 154 1340 ivit,
183 1251 313 1342 eique,
350 1275 466 1342 quem
486 1241 673 1321 inlocum
691 1275 750 1320 res
775 1267 872 1322 esset
889 1254 1051 1326 deducta

67 1350 253 1444 exposuit.
304 1351 340 1420 Is
355 1350 490 1420 refert:
520 1351 586 1444 qui
599 1373 665 1420 rex
675 1353 757 1421 haec
776 1355 1052 1441 conjunctavo·

64 1450 205 1524 luerit?
256 1451 394 1522 Sveinn
409 1429 626 1544 respondet:
653 1453 762 1542 hinc,
788 1455 913 1546 pater!
938 1457 1050 1526 intel*

63 1557 187 1647 ligere
201 1566 328 1642 poteS,
357 1553 491 1644 quanti
499 1552 763 1627 interesserex
778 1553 986 1644 existiman
1005 1571 1051 1627 ut

62 1653 312 1748 religionem,
344 1677 459 1743 quam
479 1675 546 1722 noa
569 1653 741 1745 profiteri
757 1654 883 1742 decet,
919 1679 1050 1748 accep·

63 1773 212 1842 temus,
247 1768 284 1821 et
299 1754 372 1844 hoc
395 1754 569 1844 insuper,
604 1768 786 1844 quantam
807 1768 946 1824 nostrae
961 1778 1049 1846 pro·

61 1957 151 2025 nior
169 1955 389 2046 respondet:
427 1939 676 2046 pollicebor,
701 1955 732 2023 si
757 1975 824 2024 rex
847 1957 958 2044 velit,
985 1982 1048 2048 ine

63 2057 239 2128 Thorenr
268 2077 345 2124 non
371 2055 595 2141 culturum,
626 2055 800 2146 nihilque
830 2059 1050 2128 commercii

63 2181 155 2225 cum
177 2155 245 2225 diis
271 2155 429 2225 ethnicis
445 2156 686 2244 habiturum,
722 2155 889 2224 simodo
913 2155 1062 2226 fanum·
1095 2216 1099 2238 ,

61 2260 228 2326 illaesum
240 2279 397 2326 manere
413 2255 592 2346 patiatur.
647 2259 750 2328 Tum
765 2255 952 2346 baptismo
974 2255 1047 2326 ini⁸

59 2357 168 2470 tiati,
197 2356 249 2424 ·in
271 2357 478 2426 amicitiam
505 2357 605 2448 regis
640 2357 915 2447 Olavirecepti
946 2371 1046 2445 sunt,

61 2457 192 2526 omnia
216 2461 318 2524 enim
307 2455 521 2548 promissa
541 2457 640 2526 bene
658 2471 873 2546 servarunt,
909 2469 1046 2528 totam⁴

18 2599 21 2606 ,
59 2583 138 2650 que
156 2556 533 2658 familiambaptizari
550 2555 738 2627 fecerunt

145 2657 253 2747 Cap.
272 2647 344 2730 203.
398 2661 508 2728 Nunc
521 2680 565 2725 eo
583 2657 652 2726 dei
655 2659 733 2726 emt
745 2660 923 2745 narratio,
945 2653 1047 2750 quod

58 2761 203 2850 Finnus
220 2756 363 2826 Sveinis
378 2756 498 2844 filiun,
521 2781 609 2826 curn
619 2756 744 2826 fama'
733 2781 775 2826 1n
787 2761 952 2830 Daniam
960 2783 1048 2850 pere

57 2860 142 2930 lata·
154 2858 373 2947 audivisset,
400 2858 594 2950 roligionis
616 2859 872 2953 mutationem
889 2860 928 2927 in
949 2861 1045 2934 Ner·

17 3033 18 3042 ,
55 2959 170 3052 vegia
185 2957 336 3047 factam,
347 2959 388 3026 in
398 2958 625 3050 Norvegiam
640 2958 765 3046 rediit,
776 2973 815 3027 et
825 2960 866 3028 in
873 2960 1045 3030 Thrand-

55 3064 233 3130 heimum
250 3081 344 3148 peri
346 3073 425 3128 emt
450 3053 582 3154 eadent
604 3058 751 3145 hieme,
784 3080 859 3148 qua
875 3081 942 3126 rex
956 3060 1044 3128 Ola-

55 3186 144 3247 vua,
174 3183 239 3250 qul
229 3159 489 3250 praecedente
506 3168 634 3226 aestat'e
650 3159 1042 3262 aVikiapervenerat,
1140 3221 1148 3232 ,
1216 3165 1220 3172 “

54 3257 264 3334 Nidarosiae
285 3257 463 3330 consedit.
518 3259 660 3328 Finnus
675 3277 786 3347 vero,
814 3273 859 3326 ut
872 3259 1042 3349 primum

52 3363 95 3432 in
117 3358 303 3450 oppidum
321 3360 442 3446 venit,
469 3358 516 3428 ad
530 3359 834 3446 coenaculum,
823 3383 865 3426 1n
881 3381 956 3450 quo
975 3383 1042 3428 rex

50 3462 230 3555 potabat,
258 3461 488 3529 secontulit.
548 3458 689 3528 Finnus
714 3459 1042 3529 contemtioreve·

50 3564 150 3650 stitu
162 3575 243 3630 erat
258 3560 434 3644 indutus;
460 3561 489 3628 ir
504 3583 524 3628 a
538 3558 755 3628 custodibus
773 3557 1040 3631 admissionem

47 3661 210 3757 petivit3
242 3659 301 3729 illi
327 3659 478 3749 dicunt,
505 3659 814 3730 consvetudinem
829 3683 908 3728 non
924 3660 1038 3750 ferre,
1132 3669 1136 3690 ¹

46 3780 96 3833 ut
108 3758 237 3854 ,ignoti
252 3759 428 3829 homines
444 3761 527 3852 regi
547 3761 748 3828 accubanti
769 3761 969 3852 negotium
985 3759 1039 3828 fa*

47 3875 217 3936 cessant:
244 3879 371 3952 neque
390 3862 458 3930 tibi
478 3859 710 3952 (inquiunt),
736 3879 862 3950 neque
878 3862 949 3928 ulli
972 3860 1038 3929 alii

45 3963 242 4051 mendico,
260 3963 326 4051 qui
338 3975 522 4030 tamteter
538 3973 575 4028 et
591 3960 694 4030 rudis
709 3961 752 4054 (a.
770 3975 915 4057 vpstus,
930 3981 1037 4052 agre·
1086 4023 1088 4028 ,

45 4064 135 4154 atis)
163 4061 232 4152 sit,
270 4085 386 4152 quam
407 4075 473 4150 tu,
505 4059 845 4146 intrandi·venia1n
858 4059 1036 4130 concedi·

45 4187 149 4234 mus.
220 4161 338 4254 Atqui
362 4161 543 4242 hocvero
568 4161 694 4228 verius
714 4175 786 4247 ast,
815 4161 867 4228 ait
882 4163 1035 4250 Firmus,

482 4299 486 4328 t
702 4325 706 4332 ,
762 4259 838 4332 K2
