2646 4678
5 361 184 456 ΛΜ.-
308 347 716 424 m
902 345 963 436 89
1063 423 1071 438 .

403 553 406 560 .
552 525 564 550 ⁸
694 547 698 554 ·
904 553 907 562 ι

40 578 77 650 in
94 576 196 646 viam
220 571 406 668 progressi
430 583 573 659 essent,
604 569 809 646 Thorstein
835 569 1029 644 Astridam
1048 579 1083 630 -“
1133 633 1136 646 ,

43 677 200 749 comiter
226 673 419 761 salutavit,
451 671 595 742 dicens:
630 669 925 766 haudquaquam
959 696 1026 741 ros

41 777 177 847 sevitia
193 787 260 844 aut
273 772 514 868 'malignitate
531 785 611 842 tam
625 774 700 860 cito
718 785 757 842 et
773 773 1028 845 inclementer
1083 799 1088 808 ·

44 871 149 946 domo
165 897 252 945 mea
269 873 450 942 excedere
465 873 570 963 jussi,
594 873 659 942 sed
674 873 775 962 ideo,
804 873 906 963 quod
922 872 1027 944 missi
1076 912 1078 926 ι

42 979 82 1047 eb
94 973 319 1049 Gunnhilda
338 974 686 1068 Regum-genitrice
707 973 753 1044 ed
770 975 948 1062 Bjiirnern
965 973 1029 1044 Ei-

42 1078 268 1148 turkveisem
288 1074 540 1168 advenerunt,
567 1097 612 1160 eo
634 1074 810 1162 consilio,
834 1089 879 1144 ut
892 1087 1055 1158 natum,
1136 1137 1144 1156 ,
1193 1101 1197 1108 ·

46 1203 82 1246 cx
97 1194 136 1248 te
154 1191 193 1248 et
206 1195 301 1266 rege
319 1176 508 1272 Tryggvio
525 1175 648 1244 filium
667 1175 871 1266 abreptum
895 1175 932 1243 ei
950 1186 1026 1242 tra-

48 1277 130 1352 dant.
183 1281 270 1349 Jam
283 1297 460 1364 verovos,
484 1297 545 1346 me
554 1271 877 1367 premonstrente,
895 1275 937 1344 iu
950 1275 1025 1368 syl-

50 1399 116 1448 ram
132 1376 451 1474 progrediamini,
475 1375 593 1446 donec
618 1377 746 1446 lacum
765 1375 955 1466 quendam
971 1373 1026 1442 of«

48 1477 212 1562 iendeti55
246 1478 289 1549 in
315 1479 403 1548 tacu
425 1489 483 1545 est
506 1469 648 1566 insuia,
683 1477 868 1550 arundine
892 1475 1025 1564 obsita,
1121 1469 1126 1478 ’

51 1604 110 1669 quo
122 1575 242 1650 tacite
259 1577 387 1648 vadari
407 1589 551 1670 potest3
567 1577 668 1646 .heic
688 1575 730 1646 iu
754 1578 938 1648 arundine
961 1597 1027 1644 vos

51 1684 244 1769 occultate,
281 1693 321 1747 et
344 1692 516 1768 manete,
550 1678 669 1748 donec
698 1676 747 1746 ad
771 1701 835 1748 vos
859 1680 1020 1746 veniam.

53 1783 249 1854 Nuncvero
268 1778 365 1848 mihi
379 1779 512 1870 primo·
527 1778 684 1847 domum
697 1775 936 1848 redeundum
955 1795 1024 1866 est,

58 1884 213 1976 presagio
235 1879 354 1968 enirn,
380 1879 513 1952 missos
529 1880 575 1950 ab
588 1877 808 1950 Gunuhilda
823 1879 900 1950 huc
916 1873 1024 1949 brevi

61 1981 319 2074 rosquaesitum
338 1994 533 2063 venturos3
566 1979 718 2071 quibus
734 1979 766 2046 si
786 2001 849 2047 me
876 1980 1025 2050 socium
1052 1993 1057 2004 '

50 2078 292 2174 inquisitionis
306 2081 486 2168 junxero,
514 2081 635 2174 magis
653 2077 851 2171 providere
875 2094 1023 2173 potero,
1107 2073 1116 2096 ⁰

51 2203 88 2250 ue
100 2168 356 2310 inv‘eniam'ini.
382 2181 453 2254 His
469 2179 590 2268 dictis,
602 2181 650 2250 ad
665 2179 794 2252 villam
810 2181 1025 2278 regreditur

50 2283 257 2366 Thors‘teiiu
299 2282 358 2352 illi
379 2304 469 2353 vero
492 2285 532 2351 iu
555 2282 702 2376 sylvam
723 2281 775 2350 ud
794 2281 920 2352 lacurn
936 2304 1023 2373 pro·

52 2387 151 2473 gressi
168 2397 274 2472 sunt,
302 2397 342 2452 et
357 2383 399 2450 in
414 2381 551 2472 insula,
575 2397 691 2474 prout
706 2396 955 2473 praeceperat,
982 2405 1023 2452 se
1092 2465 1104 2478 .

49 2488 290 2555 occultarunt.
344 2487 461 2580 Mane
478 2481 554 2552 diei
570 2482 704 2579 {dalion
719 2495 740 2550 ‘a
753 2482 890 2570 Bjiime
903 2483 944 2554 iu
955 2503 1020 2575 pa·
1093 2566 1096 2580 ⁴

47 2605 120 2678 gum
138 2579 341 2676 equitavit,
368 2596 425 2672 et,
446 2605 676 2675 quocunque
700 2582 874 2653 locorum
889 2590 1039 2675 perve-'

46 2685 107 2774 uit,
132 2685 332 2758 Astridam
354 2685 544 2776 quaesivit3
580 2684 626 2754 ad
659 2681 929 2756 Thorsteinem
956 2709 1021 2754 ve·

45 2786 152 2877 niens,
185 2787 461 2879 interrogavit,
487 2807 543 2860 ,an
563 2807 608 2853 eo
633 2786 847 2874 venissent„
898 2786 1022 2858 Thor·
1063 2797 1067 2806 '

45 2889 129 2956 stein
152 2884 372 2979 respondit:
397 2885 495 2954 xheic
517 2886 694 2966 homines
716 2883 835 2976 aliqui
861 2889 1020 2978 pernoc-

44 2997 182 3076 tarunt,
209 2987 278 3079 qui
291 2988 358 3058 sub
377 2988 505 3074 lucem
521 2987 709 3080 orientem
726 3007 857 3054 versus
880 2985 922 3056 in
944 2989 1019 3081 syl-

44 3105 119 3158 vam
136 3111 177 3156 se
193 3087 453 3158 contuleruut.
505 3088 661 3157 Hakon:
677 3097 768 3180 ergo
787 3107 868 3181 ege,
894 3109 1021 3176 comes

43 3187 137 3258 nobis
157 3201 238 3258 esto
255 3186 298 3258 in
315 3187 360 3256 iis
368 3186 608 3281 querendis,
641 3201 686 3256 ut
707 3187 770 3256 cui
796 3209 926 3257 omues
949 3189 1020 3274 yiae
1057 3235 1062 3244 ·

44 3284 269 3380 latebraeque
284 3289 486 3381 sylvestres
497 3302 601 3358 uotae
616 3288 703 3357 sint.
743 3290 890 3360 Annuit
899 3287 1035 3361 Thor'

45 3387 148 3479 stein,
178 3383 297 3480 seque
316 3387 518 3458 confestim
536 3389 709 3459 accinxit.
774 3388 1020 3484 Cuminsyl-
1071 3385 1073 3394 ’
1183 3479 1187 3486 ¹

45 3507 117 3556 ram
132 3489 336 3577 venissent,
353 3489 576 3571 Thorstein:
603 3512 706 3559 nunc
720 3491 858 3582 passim
875 3513 1019 3582 eamus,

47 3607 122 3658 nam
142 3590 387 3684 investigatio
405 3590 585 3682 (spatium
602 3589 929 3682 perlustrandum)
945 3593 1020 3661 late

47 3703 155 3777 patet3
181 3687 391 3788 diligenter
420 3689 594 3762 animum
627 3691 835 3780 advertite,
870 3691 902 3760 si
928 3694 1021 3782 quid

47 3797 130 3860 nora
147 3804 229 3862 arte
248 3791 498 3861 immutatum
512 3791 815 3883 deprehendatis,
831 3789 1020 3881 ,futurum

50 3891 137 3960 enim
149 3915 255 3981 reor,
290 3892 323 3962 si
348 3892 589 3984 loquentium
609 3891 811 3964 hominum
827 3914 940 3962 voces
958 3917 1022 3962 ex-

50 3989 187 4062 audient
222 3983 292 4062 aut
319 3991 545 4085 periculum·
571 3991 726 4083 aliquod
749 3992 1051 4086 praevidebunt,-

50 4089 894 4204 metumientemrocetesrig‚signif.12;
921 4125 1042 4197 Blegit'
1089 4120 1095 4135 “
1127 4121 1128 4128 ’
1168 4108 1175 4120 ’
1201 4119 1206 4130 “

49 4209 237 4282 ιησῖι,ᾱωιὶηε.
379 4223 397 4236 ··
449 4211 451 4222 ’
497 4229 501 4238 ’
734 4232 739 4240 “
1008 4227 1012 4236 ’
