2640 4682
359 389 423 506 96
654 360 929 454 ·-·······3··
1180 402 1269 470 nso

191 625 216 640 “’
296 632 447 714 septem
474 615 674 708 caderent3
707 634 781 713 ego
797 635 888 688 vero
908 637 951 688 ac
971 631 1140 710 quatuor
1153 615 1195 688 in
1215 611 1273 710 syl·

204 745 207 752 ·
285 731 385 794 'vam
399 717 662 815 confugimns,
687 741 821 792 omnes
831 715 1029 789 vulnerati.
1085 717 1274 794 Thoraltus

296 822 406 896 letali
425 819 585 893 vulnere
613 822 763 892 saucius
780 828 883 909 erat,
918 815 1155 914 domumque
1174 844 1196 890 a
1214 818 1276 888 suis

298 918 464 1014 ielatus,
491 921 784 1017 Ragnhildaque
800 919 880 990 filia
902 936 971 989 sua
984 922 1168 1006 reducta3
1191 921 1276 994 Tho-

297 1021 436 1114 talfus,
463 1043 554 1094 cum
574 1025 616 1092 in
631 1037 775 1094 tractus
792 1017 984 1092 habitatos
998 1038 1176 1110 venerat,
1210 1022 1276 1090 vul·

190 1141 205 1160 ‘
297 1124 456 1198 neribus
472 1121 696 1216 exspiravit,
731 1142 804 1218 ego
824 1141 915 1192 vero
937 1142 981 1192 ac
995 1123 1090 1194 socii
1105 1118 1211 1215 apud
1224 1144 1276 1213 pa-

297 1239 400 1297 trem
425 1220 523 1295 clam
551 1225 686 1296 curati.
738 1227 863 1320 Reges
884 1222 1200 1338 lipplandenses,
1233 1223 1276 1290 in·

298 1327 410 1400 dictis
447 1345 519 1418 per
546 1327 725 1420 sagittam
749 1323 938 1415 comitiis,
994 1323 1140 1395 caedem
1168 1323 1277 1398 Thor-
1308 1379 1309 1386 ,

297 1425 378 1520 alfi,
404 1423 578 1520 praefecti
592 1427 670 1519 sui,
693 1425 1034 1518 persequebantur,
1058 1447 1204 1520 meque
1217 1422 1276 1495 exi·

296 1531 352 1620 lio
370 1529 605 1618 multarunt,
632 1528 751 1598 ceteri
764 1549 854 1596 vero
872 1541 1035 1618 quatuor
1052 1527 1203 1597 sodales
1215 1520 1276 1595 mei

294 1675 297 1680 -
338 1632 420 1702 ulta
428 1629 651 1720 pecuniaria
661 1623 803 1699 caedem
812 1628 1025 1721 expiarunt.
1051 1627 1182 1718 Pater,
1206 1647 1276 1698 cum
1307 1623 1309 1640 '

296 1753 361 1803 me
379 1727 483 1801 ‘1011st
497 1747 575 1798 Μ
590 1731 694 1798 tueri
706 1729 909 1826 nequiret,
940 1729 982 1813 in
999 1741 1155 1798 antrum
1175 1729 1276 1821 quod·
1308 1727 1309 1770 f

296 1834 387 1902 dam
398 1849 461 1900 me
475 1829 676 1924 ablegavit,
700 1831 769 1900 ubi
783 1828 1021 1928 aliquamdiu
1040 1829 1146 1900 solus
1161 1831 1276 1898 tedio·

296 1953 378 2003 sam
408 1931 528 2000 vitam
550 1930 671 2034 traicit
712 1931 851 2004 deinde
873 1930 994 2001 noctu
1013 1927 1167 2020 villam,
1208 1952 1275 2021 que

201 2119 204 2138 Ι
296 2030 481 2107 Thoralfo
506 2030 652 2123 fuerat,
698 2031 850 2122 adiens,
885 2029 1143 2125 Rag'nhildam
1165 2030 1274 2100 denuo

295 2148 447 2226 raptam
468 2134 626 2225 abstuli,
667 2129 887 2230 passimque
912 2130 1038 2226 sylvas
1059 2130 1273 2224 Perreptavi,

295 2234 508 2305 latibulum
522 2238 715 2326 quaerens;
751 2235 910 2306 tandem
932 2235 1011 2302 huc
1029 2228 1188 2323 deveni,
1221 2229 1273 2299 ubi

298 2333 515 2406 octodecim
528 2336 677 2406 hiemes
694 2334 879 2424 habitati,
907 2355 991 2428 quae
1009 2344 1098 2404 aetas
1114 2346 1172 2402 est
1185 2333 1273 2408 Thu·

296 2435 410 2524 rides,
446 2434 534 2502 filiae
547 2459 655 2506 meae.
709 2433 942 2532 Sigmundus
961 2433 1066 2505 infit:
1097 2455 1270 2504 memora·

295 2534 383 2606 bilis
399 2549 479 2622 tua,
508 2551 555 2604 ut
570 2534 795 2629 exspectavi,
819 2537 957 2606 relatio
978 2549 1055 2620 est3
1080 2554 1271 2606 nuncvero

295 2637 371 2705 tibi
386 2635 600 2728 significare
612 2640 723 2730 volo,
749 2657 813 2708 me
831 2639 954 2730 pejus,
981 2656 1101 2729 quam
1118 2658 1188 2729 par
1203 2634 1271 2719 fuit,

297 2737 567 2810 educationem
591 2753 631 2809 et
655 2737 840 2828 beneficia
866 2761 887 2808 a
914 2749 954 2806 te
974 2751 1133 2828 accepta
1155 2759 1270 2827 repen·

196 2849 201 2868 ¹
296 2838 416 2922 disse3
439 2837 597 2910 filiatua
611 2837 731 2930 mihi,
758 2839 1269 2934 antequamdigressisumm,

295 2939 540 3035 significavit,
576 2965 617 3019 se
636 2955 794 3042 partum
817 2939 930 3012 uter'o
946 2939 1068 3029 serre,
1099 2940 1270 3026 cujusne
1306 2969 1307 2974 κ

170 3029 180 3042 ’
295 3055 692 3135 Ρεῑτειηιιιιηουρειῑς
727 3059 801 3132 qua
822 3040 869 3112 de
884 3061 996 3120 causa
1011 3031 1182 3109 maxir'ne
1196 3038 1270 3107 hinc

297 3140 469 3232 discessi,
503 3143 606 3233 quod
631 3143 797 3236 nollem,
824 3140 970 3212 dissidii
981 3143 1084 3212 inter
1100 3161 1171 3211 nos
1185 3157 1269 3210 caus·

245 3327 248 3340 v
294 3263 379 3314 sam
401 3243 586 3330 existere,
624 3257 740 3336 atque
756 3253 823 3313 or‘o
845 3255 904 3333 te,
944 3241 1122 3313 alumne!
1159 3233 1268 3311 necui

295 3341 364 3412 alii
380 3343 482 3432 viro,
524 3366 638 3438 quam
658 3343 779 3434 mihi,
820 3366 907 3415 eam
927 3345 1153 3437 paciscaris3
1186 3339 1267 3410 hanc

297 3444 422 3533 enim,
462 3465 590 3537 neque
615 3445 733 3515 aliam
758 3442 898 3536 ullam,
944 3464 1109 3515 uxorem
1139 3440 1263 3513 ducam·

296 3544 488 3617 Thorlrell
506 3545 729 3639 respondet:
761 3543 1017 3638 jampridem
1041 3545 1153 3635 novi,
1185 3561 1264 3614 arnt

295 3667 380 3713 rem
393 3660 575 3738 mutuum
590 3647 773 3718 intervos
788 3648 1039 3737 intercedere,
1066 3631 1172 3742 quod
1180 3639 1264 3749 eqqi·

297 3745 387 3816 dem
409 3745 616 3847 prohibere
641 3747 772 3838 nolui,
804 3748 883 3822 filia
905 3748 1011 3818 enim
1028 3739 1119 3820 mea
1139 3742 1262 3840 dignit·

201 3921 204 3935 ¹
295 3868 382 3916 rem
400 3847 531 3916 ,virum
552 3871 633 3920 non
648 3850 908 3940 nanciscetur,
942 3847 984 3920 id
1011 3870 1105 3919 vero
1135 3859 1261 3920 oratum

295 3961 336 4016 te
356 3945 494 4037 velim,
523 3951 754 4044 Sigmundel
779 3949 812 4021 si
831 3940 1017 4044 prospero
1041 3971 1175 4022 rerum
1199 3962 1261 4015 suc·

223 4139 229 4148 Ι
297 4065 408 4116 cessu
431 4047 519 4118 heic
547 4052 590 4122 iu
616 4055 807 4147 Norvegia
836 4053 939 4144 apud
960 4051 1065 4124 viros
1095 4047 1260 4146 principes

296 4166 390 4214 usus
405 4145 542 4238 fueris,
566 4165 611 4220 ut
623 4177 686 4222 me
703 4175 793 4223 cum
807 4145 1013 4224 tribulibus
1032 4155 1131 4226 meis
1146 4153 1185 4220 in
1198 4165 1259 4241 gra·

73 4324 76 4335 .
139 4336 145 4352 ,
263 4259 265 4264 ’
296 4246 393 4319 fiam
407 4247 582 4350 reduces,
615 4277 706 4325 nam
720 4255 879 4328 taedium
892 4279 956 4326 me
971 4257 1076 4352 cepit
1091 4255 1133 4324 in
1147 4245 1258 4330 hisdt
