2634 4682
276 357 444 480 ἰιι
640 359 913 486 ssez

227 655 230 707 2
290 618 538 712 castigatum,
563 629 642 684 tam
663 611 846 708 malitiosi
860 630 898 686 et
914 615 1081 686 inauditi
1097 617 1193 688 facti
1207 641 1278 708 poe-

287 722 398 792 nitet.
452 715 605 812 Qua„de
625 739 666 784 re
686 713 878 817 cogitans,
903 715 1110 786 consilium
1135 720 1278 811 excogi-

287 819 383 911 tavi,
423 817 526 912 quod
549 837 682 886 omnes
704 837 909 906 sequemur
925 830 964 886 et
982 817 1279 908 observabimus,

288 943 430 1014 nempe
453 933 499 988 ut
521 915 739 986 hominibus
761 915 1042 988 humanitatem
1061 933 1101 988 et
1118 922 1279 990 clemen·

210 1051 214 1070 ¹
288 1025 385 1092 tiam
403 1019 668 1100 exhibeamus,
696 1016 749 1086 ita
765 1019 982 1110 utquisque
997 1041 1088 1088 suos
1101 1037 1280 1114 cognatos

287 1145 358 1216 pro
374 1119 620 1206 facultatibus
644 1117 814 1206 adjuvet,
841 1120 1055 1209 praesertim
1066 1135 1225 1212 patrem
1247 1137 1280 1190 et

289 1237 482 1306 matrem3
510 1219 673 1311 quivero
693 1217 1023 1313 consanguinitate
1041 1223 1280 1310 remotiores,

185 1393 186 1398 ,
290 1327 378 1416 plus
394 1320 636 1392 facultatibus
647 1320 799 1406 valent,
839 1321 939 1390 fame
964 1334 1002 1388 et
1024 1322 1114 1390 vitae
1136 1323 1281 1414 pericu.

225 1479 226 1488 ,
288 1428 328 1496 lo
349 1425 386 1518 ι)
410 1423 502 1492 alios
523 1418 756 1511 propinquos
772 1419 959 1504 liberent3
992 1445 1064 1492 nos
1082 1424 1125 1492 in
1145 1424 1186 1491 id
1208 1445 1279 1491 om-

219 1573 227 1584 .
288 1550 358 1598 nes
391 1531 539 1596 nostras
566 1520 767 1588 facultates
799 1520 1043 1590 etanimalia
1075 1523 1282 1592 domestica

289 1625 552 1709 bonferemus,
584 1634 628 1690 ut
648 1621 733 1688 vitae
750 1621 901 1692 tuendae
922 1621 1099 1735 praesidia
1116 1624 1280 1694 homini-

289 1729 363 1797 bus
380 1723 684 1831 suppeditemus,
710 1721 914 1814 potiusque
929 1723 972 1792 in
987 1723 1185 1794 auxilium
1200 1746 1280 1818 cog·

102 1865 103 1872 1
211 1861 213 1866 ·
289 1824 467 1898 natorum
480 1826 654 1926 jumenta
664 1834 791 1892 nostra
805 1823 1077 1914 mactabimus,
1105 1849 1226 1915 quam
1242 1841 1280 1893 ut

188 1947 190 1954 ‘
290 1929 389 1998 fame
404 1936 581 2018 pereant,
608 1909 662 1992 i'ta
680 1937 729 1992 ut
740 1945 854 1993 nemo
875 1925 1062 1994 colonus
1051 1949 1092 1995 ιιι
1109 1927 1202 1996 villa
1217 1949 1279 1994 sua

219 2109 221 2116 ¹
290 2031 379 2120 plus
404 2049 521 2117 quam
535 2025 628 2093 duos
644 2045 763 2114 equos
787 2025 973 2109 retineat,
1007 2026 1158 2096 accedit
1183 2001 1277 2095 male

289 2131 359 2200 illa
374 2124 626 2212 consvetudo,
652 2147 736 2215 quae
751 2125 839 2193 heic
852 2125 1033 2214 invaluit,
1061 2129 1278 2219 complures

206 2301 209 2312 ,
291 2225 563 2310 οιιιιεέιιὶειιᾱὶ,;
587 2247 676 2296 cum
693 2223 794 2312 cibo,
813 2225 952 2314 quibis
967 2227 1076 2298 datus
1091 2241 1159 2314 est,
1182 2229 1275 2296 mul·

289 2331 324 2420 ti
333 2330 507 2399 homines
522 2327 648 2404 vivere
665 2326 902 2417 potuisseut3
922 2323 1025 2422 agite
1035 2351 1145 2418 vero,
1163 2328 1278 2396 inter·
1315 2417 1316 2420 Ἴ

290 2430 469 2500 ficiantur
483 2428 624 2516 'canes,
657 2439 704 2494 ut
719 2427 834 2517 pauci
855 2440 921 2505 aut
933 2429 1037 2499 nulli
1052 2429 1280 2520 superstites
1315 2423 1316 2448 i

291 2533 388 2619 sint,
413 2529 615 2620 cibusque,
643 2527 801 2596 canibus
818 2528 900 2597 dari
917 2528 1076 2618 solitus,
1103 2529 1279 2598 advitam

93 2659 97 2670 ·
197 2668 200 2681 ·
290 2631 496 2703 hominum
520 2626 803 2698 sustentandam
827 2629 1066 2699 adhibeatur.
1120 2633 1175 2700 Ut
1200 2653 1278 2700 rem

195 2777 197 2786 ,
291 2732 422 2824 paucis
440 2751 648 2820 exponam,
682 2728 908 2820 neutiquam
931 2731 1213 2821 permittimus,
1238 2743 1278 2797 ut
1314 2809 1315 2824 ,

291 2845 462 2910 vestrum
477 2831 678 2921 qnisquam
691 2828 792 2919 patri
808 2845 876 2898 aut
893 2831 1008 2900 matri
1023 2831 1156 2919 desit,
1168 2833 1277 2924 siquo

291 2945 403 3027 pacm
422 2930 499 3000 illis
512 2953 626 3021 opem
639 2929 741 2999 ferre
756 2931 938 3026 uoluerit,
966 2933 1140 3022 quivero
1161 2933 1215 3002 ita
1231 2932 1277 3000 fa-

293 3033 500 3106 cultatibus
527 3029 731 3100 destitutus
755 3044 829 3120 est,
856 3046 899 3100 ut
916 3046 1098 3122 parentas
1111 3047 1180 3102 aut
1200 3055 1278 3124 pro·

293 3137 459 3227 pinquos
476 3145 687 3202 sustentare
697 3145 881 3223 nequeat,
907 3133 940 3198 is
957 3133 1276 3204 eosMiklabaeum
1313 3195 1314 3206 ,

294 3234 343 3306 ad
367 3255 429 3303 me
454 3233 635 3320 deducat,
662 3231 732 3300 ubi
758 3254 840 3302 eos
848 3233 967 3320 alam,
993 3235 1061 3301 ille
1078 3257 1192 3324 vero,
1218 3232 1278 3329 qui

294 3349 422 3428 potest
446 3345 572 3426 neque
596 3333 680 3400 vult
698 3333 881 3423 proximis
903 3334 1077 3428 cognatis
1099 3285 1278 3405 auxilium

175 3475 182 3482 ·
294 3449 494 3529 praestare,
520 3432 681 3502 issaetas
702 3455 833 3524 poenas
848 3433 1088 3530 ultimasque
1099 3435 1277 3506 conditio·

294 3557 362 3610 nes
378 3559 400 3606 a
414 3559 476 3602 me
488 3533 670 3602 referet.
694 3534 805 3628 Agite
823 3555 932 3628 ergo,
958 3535 1153 3605 carissimi
1172 3533 1277 3606 amici

220 3639 250 3726 'f
295 3642 325 3706 t
342 3648 555 3723 consortes,
581 3657 630 3704 ne
655 3633 779 3706 dicam
792 3634 951 3704 subditi¹
976 3636 1017 3704 in
1032 3625 1215 3706 omnibus
1228 3657 1278 3702 re·

238 3755 240 3760 ’
296 3734 1025 3806 bushuman1taten1etm1ser1cord1am
1039 3737 1277 3804 exhtbeamus

261 3901 266 3912 x
298 3836 468 3930 cognatis
482 3835 643 3924 nostris,
670 3858 720 3903 ne
735 3857 887 3906 causam
906 3823 1276 3928 praebeamrisinimi·

298 3937 363 4010 cis
365 3935 504 4004 nostris
519 3935 726 4048 objiciendi
740 3937 869 4036 nobis,
881 3935 997 4026 quod
1006 3935 1149 4007 nimia
1138 3957 1275 4026 nnpru·

245 4074 248 4082 ‚
298 4035 426 4105 dentis
448 4035 683 4126 propinquos
707 4050 856 4128 nostros
876 4035 1040 4130 indigne
1069 4035 1273 4107 tractaveri-

297 4171 566 4202 ..tud-annun-

235 4274 242 4289 =
302 4252 327 4317 ¹)
341 4270 355 4304 a
368 4251 436 4318 senne
451 4265 476 4304 et
487 4257 552 4308 vitre
566 4253 684 4326 periculo
699 4256 763 4319 tuti,
784 4255 876 4320 edant,
897 4253 928 4308 B.
