2680 4678
43 393 166 464 esec.
419 335 695 458 .,.·-..·-.··.’...,..·’-·
848 479 850 490 1
889 369 986 474 247,

27 604 250 694 tsalutauit,
275 601 502 698 rogavitque
516 615 578 692 ut,
604 601 789 697 quamdiu
803 607 931 700 veliet,
946 583 1049 705 apud

45 731 210 778 secum
234 705 415 776 omnibus
436 705 730 798 suismanerat5
765 722 848 777 erat
876 711 980 782 enim
1009 713 1048 784 ei

43 809 165 882 Ulius
181 806 507 900 colloquionotus.
531 805 693 900 ·'Ulfus,
721 808 900 881 lubenter
912 835 1046 905 accep-

45 923 92 980 ta
118 933 179 998 re,
207 931 298 979 cum
318 908 397 976 suis
420 907 562 992 intrat3
589 908 687 980 tedes
709 924 819 984 erant
837 913 1047 1004 splendidae

47 1027 93 1082 et
108 1031 282 1103 magnas,-
307 1030 398 1078 cum
410 1007 572 1103 ingressi
589 1009 868 1103 consedissent,
895 1015 1046 1086 Eindri-

49 1114 141 1182 dius
163 1109 263 1181 iniit:
297 1109 350 1178 sic
378 1122 532 1199 resest,
550 1167 554 1186 ,
569 1111 671 1203 quod
696 1111 807 1202 novi,
832 1121 898 1209 y'os
922 1115 1046 1186 alium

44 1225 265 1303 acceptasse
290 1228 603 1302 morem,-quam
621 1235 696 1305 quo
723 1233 796 1309 ego
818 1235 862 1285 ac
881 1213 1047 1288 familia·

45 1337 113 1386 res
130 1313 297 1396 utimur,
323 1322 558 1382 cumautem
570 1333 636 1384 vos
654 1313 853 1386 commodo
871 1328 909 1384 et
927 1317 1048 1388 since-

43 1439 94 1487 ro
107 1413 276 1504 hospitio
296 1412 472 1504 excipere
488 1412 623 1510 velim,
651 1415 803 1508 eligito,
828 1439 1048 1488 unaneom-

47 1539 142 1606 nes,
166 1537 214 1585 an
228 1514 271 1584 in
282 1515 432 1609 singula
447 1512 592 1608 quique
611 1515 892 1600 eadebibamus.
933 1519 1047 1608 Ulfus

48 1615 278 1710 respondet:
319 1615 495 1712 utrisque
514 1617 638 1712 magis
658 1617 798 1708 volupe
817 1617 942 1711 duco,
974 1643 1048 1690 nos
1079 1641 1081 1648 ’

50 1723 188 1790 omnes
200 1739 279 1788 una
294 1716 450 1804 bidere3
487 1730 578 1788 suut
593 1716 698 1790 euim
713 1717 812 1789 mihi
828 1732 960 1792 tecum
978 1744 1046 1792 ne·

50 1818 185 1914 gotia,
224 1841 309 1910 quaa
329 1817 374 1887 in
397 1813 477 1888 otio
496 1818 670 1912 proferre
690 1818 927 1911 optaverim
965 1833 1052 1893 tant
1087 1833 1089 1846 '
1134 1821 1141 1835 ⁸

50 1941 145 1990 vero
169 1918 372 2013 egregium
394 1939 529 2013 regem
545 1918 760 2011 habemus,
799 1931 864 2009 ut,
900 1921 1048 2014 siquid

49 2020 152 2092 labis
175 2041 221 2089 ex
241 2018 496 2116 alienimoris
513 2023 785 2092 consvetudine
803 2021 1046 2113 traxerimus,

49 2122 87 2192 is
119 2119 161 2190 id
192 2119 310 2190 brevi·
330 2143 398 2204 sua
421 2121 687 2192 benevolentia
713 2125 949 2235 purgaturus
982 2125 1045 2195 sit.
1086 2178 1089 2188 .

48 2220 274 2300 Eindridius
288 2221 484 2313 quuitur:
507 2221 583 2294 hoc
601 2243 755 2315 quoque
771 2223 869 2294 mihi
880 2224 1046 2296 maxime
1128 2313 1131 2320 Ι
1155 2267 1160 2276 ·

49 2321 222 2410 arridet3
260 2334 468 2414 quotvero
490 2321 651 2394 comites
672 2324 745 2397 tibi
766 2323 882 2407 sunt?
905 2377 909 2386 .
932 2323 1047 2397 Ulfus'

51 2423 243 2514 ostendit,
266 2422 373 2493 'alios
395 2415 598 2494 duodecim
613 2426 713 2497 viros
732 2425 782 2495 ad
803 2425 932 2494 uatim
952 2449 1045 2498 esse.
1073 2432 1076 2436 ’
1114 2438 1145 2468 '··

54 2525 206 2595 Curabo
230 2525 362 2616 itaque
389 2523 585 2616 homines,
620 2525 674 2596 ait
697 2524 941 2616 Eindridius,
979 2529 1049 2621 qui

48 2647 115 2696 res
131 2640 273 2696 vestras
288 2623 512 2716 custodiant,
528 2626 589 2695 tui
602 2648 692 2696 vero
707 2626 871 2696 comites
888 2625 1048 2701 domum
1129 2689 1133 2700 .
1215 2637 1217 2646 “

50 2741 163 2817 eant,
197 2747 263 2798 vos
277 2726 386 2796 enirn
402 2726 598 2798 universos
619 2731 817 2819 ereptatos
841 2726 970 2797 adesse
987 2715 1052 2820 julu

48 2831 138 2899 beo.
191 2827 249 2898 Ita
265 2825 424 2918 factum.
460 2827 612 2900 Deinde
630 2826 813 2899 cerevisia
830 2827 933 2898 intro
945 2830 1047 2916 lata3

35 2926 169 3000 multi
195 2928 354 2998 aderant
386 2925 552 2998 convive
585 2929 633 3023 ab
657 2927 855 3004 Eindridio
882 2919 1046 3021 invitati,

49 3025 390 3120 laistissimumque
407 3028 879 3122 apparatum'convivium.
932 3029 1048 3101 Ulius

49 3129 249 3204 Eindridio
278 3129 411 3210 dexter
454 3130 661 3220 assidebat,
696 3143 737 3199 et
759 3125 849 3234 inde
866 3127 1047 3222 deinceps
1087 3161 1109 3214 μ

50 3232 214 3301 comites
233 3233 327 3320 ejus.
384 3231 483 3301 Cum
502 3248 594 3314 vero
609 3230 776 3301 convive
790 3229 934 3299 hilares
951 3229 1046 3301 facti

49 3347 180 3422 erant,
207 3330 427 3404 Eindridius
443 3331 578 3402 Ulfum
593 3331 640 3402 de
655 3331 839 3403 adtentus
858 3331 919 3400 sui
933 3345 1047 3404 causa

48 3421 246 3525 quaesivit,
284 3447 323 3504 et
348 3457 397 3504 an
416 3433 568 3528 longius
587 3433 644 3502 ire
663 3430 879 3527 cogitasset.
931 3433 1045 3504 Ulfus
1086 3444 1088 3450 '

45 3535 274 3625 respondet:
308 3559 376 3605 rex
395 3535 534 3606 Olavus
557 3557 622 3604 me
644 3527 722 3603 huc
737 3531 863 3623 misit,
890 3535 1046 3626 nuntia·

45 3650 137 3706 turn
150 3635 239 3726 tibi,
267 3635 369 3726 quod
381 3649 439 3724 te,
466 3647 511 3704 ut
534 3636 677 3705 multos
692 3633 804 3722 alios,
831 3632 1045 3704 honorifice

46 3751 89 3806 et
100 3735 226 3806 amice
247 3737 295 3806 ad
316 3733 531 3808 convivium
548 3734 759 3820 Nidarosiae
781 3735 1050 3826 apparandum

42 3837 202 3922 invitat5
229 3839 429 3930 multaque
444 3836 490 3906 de
514 3861 558 3907 aa
575 3859 618 3907 re
635 3837 751 3906 verba
772 3831 977 3926 adhibuit,
988 3859 1044 3912 ,ne

42 3952 90 4008 tu
100 3937 180 4007 ¹hoc
198 3937 272 4008 iter
287 3935 481 4030 suscipere
499 3937 730 4010 detrectares
744 3977 759 4026 ‚·
778 3936 918 4006 bonam
936 3937 1043 4013 euim
1083 3947 1089 3952 ’
1144 4001 1148 4006 .

43 4041 94 4110 de
117 4051 159 4108 te
183 4037 325 4110 famam
349 4039 508 4130 accepit.
540 4033 543 4038 ’
573 4037 791 4112 Eindridius
823 4037 1041 4129 respondit:

39 4139 185 4235 gratias
219 4141 302 4234 regi
327 4161 400 4235 ago
423 4161 492 4230 pro
510 4139 672 4208 invitatu
687 4162 755 4208 suo
772 4149 811 4208 et
824 4138 1046 4209 honorifico

40 4243 93 4312 de
110 4265 175 4310 me
192 4241 355 4329 judicio,
383 4241 446 4354 diff
462 4263 551 4312 vero
562 4241 739 4334 crastino,
767 4262 857 4310 cum
873 4261 944 4336 nos
959 4261 1040 4310 om·
1088 4278 1090 4286 ·
