2640 4682
51 326 156 395 1111
225 337 269 357 ’·
330 335 362 409 1
410 344 681 428 =
883 325 1005 418 115·

50 577 119 646 que
131 551 239 620 robis
254 553 526 640 notumfacere
537 555 635 652 yolo,
649 579 712 626 me
726 577 863 626 novam
879 557 1033 652 religio-

46 657 356 746 nemsuscepisse,
371 655 860 746 christianumquefactum,
884 660 1033 752 negoti-

46 757 1032 849 umetmendatumregisOlaviaccepisse,utuniver·

47 879 127 922 sum
140 859 334 947 populum
346 857 387 925 in
396 856 456 924 his
466 857 598 926 insulis
608 856 806 926 adrectam
816 857 930 928 fidem
941 883 1031 930 con-

46 969 200 1026 vertam.
225 957 428 1040 Thrandus
442 957 603 1026 orationi
614 958 693 1042 ejus
704 959 923 1049 respondet,
939 982 1030 1032 con-

46 1057 193 1147 venire,
221 1073 267 1126 ut
283 1057 408 1142 coloni
424 1057 469 1127 de
485 1058 558 1154 hac
576 1056 722 1127 difficili
739 1082 850 1130 causa
867 1059 968 1129 inter
989 1084 1030 1132 se

46 1157 1031 1248 disceptent.Colonihochenedictumessetestaban·

44 1273 111 1326 tur.
129 1260 207 1345 Hic
219 1257 601 1332 Thranduscumsuis
612 1259 793 1328 aliorsum
802 1260 1030 1352 incampum

42 1358 199 1449 secessit,
210 1359 430 1449 animosque
443 1359 665 1457 colonorum
675 1357 1030 1432 orationesollicita·

44 1461 91 1528 111
94 1461 276 1550 ,dicens,
267 1475 464 1552 integrum
477 1457 553 1527 illis
565 1481 657 1553 esse,
671 1459 858 1552 imperata
876 1459 1028 1532 citone-

45 1582 142 1652 gare,
186 1559 326 1658 quibus
348 1558 524 1652 alloquiis
547 1557 727 1630 effectum
751 1575 826 1650 est,
874 1576 920 1631 ut
942 1563 1027 1632 uni·

43 1663 134 1730 rersi
157 1662 260 1732 inter
281 1684 320 1728 se
343 1657 612 1730 consentirent.
681 1660 933 1753 Sigmundus,
971 1664 1027 1734 vi·

45 1761 148 1852 dens,
179 1762 404 1846 universum
416 1761 605 1853 populum
621 1759 668 1830 ad
684 1759 912 1834 Thrandum
937 1786 1026 1834 con-

43 1853 174 1953 fluere,
210 1863 357 1953 sibique
376 1864 503 1930 nullos
518 1856 723 1952 relinqui,
727 1859 799 1930 nisi
821 1884 931 1952 suos,
958 1861 1026 1956 qui

44 1965 232 2034 christiani
251 1977 376 2051 erant,
402 1963 594 2052 loquitur:
629 1961 791 2032 nimiam
805 1961 940 2054 utique
956 1985 1071 2060 po-.

42 2077 103 2132 test
107 2081 212 2134 atem
226 2034 409 2137 Thrando
426 2063 602 2132 concessi.
663 2065 758 2134 Mox
772 2062 947 2133 homines
964 2085 1023 2155 eo,

44 2165 101 2232 ubi
124 2163 356 2260 Sigmundus
383 2187 425 2231 ac
446 2186 532 2278 qur
495 2161 790 2252 considebant,
816 2165 1022 2255 confluere,

43 2287 136 2334 arma
139 2264 254 2336 su'bl
246 2263 534 2357 rmiagestare,1
522 2263 1023 2379 1111111511111111111111-

44 2364 132 2435 dere.
180 2365 419 2460 Sigmundus
434 2379 475 2432 et
489 2363 549 2432 sui
564 2365 863 2434 insurrexerunt.
919 2367 1022 2437 Tum

42 2466 252 2536 Thrandus:
281 2465 500 2534 consrdeant
514 2464 709 2554 hommes
735 2478 943 2557 sequetam
958 2466 1020 2537 fu
1103 2538 1110 2556 ,

42 2587 146 2638 nosos
162 2593 214 2638 ne
226 2567 443 2657 praebeant
470 2578 508 2634 te
525 2579 653 2634 autem
662 2565 908 2659 Srgrnunde
924 2589 1016 2660 cog
1032 2581 1037 2590 “

42 2668 135 2736 nate!
161 2669 260 2740 scire
276 2665 385 2780 volo,
423 2690 486 2766 me
503 2669 736 2758 colonosque
753 2666 969 2744 universos
964 2667 1018 2737 de

43 2787 76 2832 re
93 2784 166 2839 ate
185 2766 380 2860 proposita
403 2751 459 2836 111
473 2767 575 2835 inter
600 2790 668 2835 nos
686 2763 935 2857 consensisse,
973 2779 1020 2836 ut

41 2867 137 2938 nullo
155 2869 271 2940 modo
295 2872 432 2936 noram
452 2865 680 2982 religionem
706 2877 901 2958 acceptare
924 2869 1018 2937 veli

43 2987 133 3054 mus,
170 2985 287 3062 atque
310 2967 429 3038 heic
418 2990 460 3035 1n
478 2965 642 3038 comitiis
657 2981 696 3036 te
716 2985 889 3060 aggressi
898 2967 1016 3038 mter

42 3062 218 3161 siciamus,
251 3071 324 3140 nisi
313 3067 421 3148 a'bsi
424 3082 497 3136 stas
519 3083 558 3137 et
573 3069 682 3138 firma
705 3064 780 3137 lide
802 3065 1013 3158 promittas,
1066 3064 1094 3085 “’

26 3215 27 3218 ,
41 3179 72 3234 te
85 3193 278 3262 nunquam
293 3168 469 3259 deinceps
489 3163 567 3238 tale
585 3165 809 3238 mandatum
824 3167 908 3237 his
897 3191 940 3238 rn
956 3167 1014 3238 in-

42 3269 121 3339 sulis·
138 3286 416 3360 exsecuturum.
479 3267 724 3363 Sigmundus,
762 3267 850 3338 cu'm
870 3267 1013 3338 intelli-

44 3385 165 3464 geret,
178 3372 277 3442 nihil
300 3367 481 3484 religioni
501 3367 572 3439 hac
589 3368 671 3438 vice
693 3368 845 3461 profici,
872 3369 1012 3438 nullas-

45 3488 104 3556 que
124 3473 282 3543 haberet
307 3471 450 3562 copias,
478 3467 615 3561 quihus
639 3491 729 3540 cum
752 3468 929 3554 universo
944 3491 1040 3560 po-

43 3571 119 3654 pulo
145 3570 418 3660 contenderet,
458 3595 503 3640 eo
533 3571 754 3695 descendit,
784 3584 828 3639 ut
850 3570 1010 3641 testibus
1062 3578 1071 3607 ‘
1128 3619 1131 3628 .

45 3669 203 3744 adhibitis
225 3673 386 3763 dataque
405 3621 595 3740 dextra
553 3695 624 3785 ea,
652 3695 735 3762 quae
757 3668 1009 3762 postularant,

43 3777 285 3860 promitteret,
314 3796 389 3865 quo
406 3757 513 3877 facto
528 3761 682 3840 comitia
699 3770 895 3839 dirimunt.
929 3772 1011 3866 sig‘-

44 3874 187 3944 mundus
219 3873 389 3944 hiemem
413 3842 520 3942 domi
542 3894 618 3940 suae
626 3869 823 3964 Shufcyae
845 3873 1007 3964 peregit,

44 3975 186 4058 graviter
207 3975 371 4066 quidem
381 3973 527 4062 ferens,
553 3973 654 4073 quod
664 3973 723 4040 co
725 3969 789 4040 oui
807 3996 845 4042 se
868 3972 907 4042 vi
926 3996 1008 4069 coe·

44 4085 173 4168 gerant,
199 4073 502 4170 indignationem
514 4088 644 4143 tamen
657 4071 906 4143 dissimulans.

656 4177 807 4246 H2
