2640 4682
632 379 902 412 “““““““““
1157 379 1250 450 lose.

239 663 244 666 ,
274 593 509 682 menstruus,
523 577 897 673 'infesteVindorum
908 607 1012 656 erma
1025 585 1253 678 infestosque

275 683 469 769 exercitus
485 691 605 775 regr'ro
626 704 694 751 suo
713 697 817 754 certo
834 685 1118 778 metuendum,
1134 691 1255 779 sipac-
1318 736 1319 761 2

190 827 196 847 ι
273 797 362 854 ιιιιιι
385 805 476 856 cum
493 803 585 874 rege
610 782 808 870 Burizlavo
833 795 1067 876 'conventum
1089 811 1171 858 ιιοιι
1189 811 1260 856 ser··
1318 838 1319 859 ι

274 896 406 954 vasset.
435 882 683 956 sermonibus
700 882 747 952 ad
760 906 845 952 rem
858 886 1258 974 persvedendamcom-

273 984 407 1077 positis
432 997 578 1074 satrapa
596 1005 640 1051 eo
668 1003 754 1052 rem
776 982 952 1074 deduxit,
979 999 1024 1054 ut
1039 987 1259 1056 Sveinnrex
1316 994 1319 1073 ζ

276 1109 313 1154 er
302 1083 664 1164 invitemtrarieret
677 1083 1028 1197 Thyremsororem
1042 1109 1168 1188 suam,
1183 1110 1260 1155 mu·
1318 1080 1319 1087 '

274 1183 436 1258 lieribus
449 1173 662 1254 nonnullis
664 1197 704 1252 et
717 1183 895 1270 nutricio
911 1207 1003 1274 suo,
1033 1175 1167 1258 (lzure
1180 1186 1261 1280 'Agii
1318 1202 1319 1207 ’

241 1367 246 1376 ,
272 1285 368 1376 lilio,
388 1283 646 1375 viropoterrti,
663 1281 916 1378 pluribusque
930 1285 1260 1358 hominibuseDa·
1317 1341 1318 1366 ,

252 1385 342 1458 ‘nia
359 1385 591 1475 comitatem.
652 1384 787 1454 Paeto
776 1397 876 1452 mter
891 1385 1068 1456 Svemem
1077 1397 1214 1479 regem
1228 1401 1262 1455 et
1314 1388 1318 1472 ᾗ

275 1485 516 1580 Sigvaldium
528 1497 718 1588 satrapem
732 1487 928 1574 convenit,
951 1501 996 1554 ιιι
1008 1489 1261 1578 possessiones

184 1639 192 1647 -
273 1585 569 1702 invindlandia,
589 1585 830 1679 quaereginae
848 1587 1081 1660 Gunnhildae
1099 1589 1261 1678 fuerant,
1318 1588 1320 1645 ζ

273 1688 356 1776 jam
380 1687 537 1800 Thyrae
551 1685 718 1778 proprias
745 1687 947 1777 cederent,
990 1712 1166 1758 necnon
1193 1690 1264 1758 alie

42 1783 47 1792 ’
149 1813 154 1822 ·
247 1807 406 1881 ,magur
419 1801 535 1877 pretu
547 1786 663 1874 bona,
688 1809 772 1878 quae
791 1785 888 1856 dous
903 1811 1061 1863 nomme
1079 1813 1116 1858 er
1133 1789 1264 1860 deren
1318 1834 1319 1855 ι

274 1904 350 1958 tur.
409 1887 583 1960 Multum
607 1888 704 1956 flens
731 1887 918 1980 Thyre,
907 1890 1135 1972 invitissima
1157 1890 1260 1959 abiit.
1318 1930 1319 1971 ι

161 2049 170 2062 .
274 1985 514 2080 Postquam
504 2009 546 2055 ιιι
557 1983 824 2058 Vindlaudiem
838 2005 1109 2081 pervenerant,
1137 1991 1264 2060 Buriz-

246 2115 254 2139 ··
274 2090 382 2160 levus
404 2111 491 2177 rex,
515 2084 675 2178 nuptiis
702 2088 919 2188 celebratis,
961 2092 1171 2184 conjugem
1196 2091 1264 2159 sibi

166 2217 168 2226 ’
276 2189 573 2282 duxitThyrem
589 2187 773 2280 reginam.
833 2191 926 2261 Hiec
955 2205 1108 2292 autem,
1142 2215 1166 2262 a
1189 2213 1261 2282 quo
1317 2247 1318 2250 ι

229 2296 254 2372 s
274 2303 450 2382 rempore
468 2290 571 2361 inter
588 2285 759 2358 ethnicos
781 2289 957 2358 homines
979 2306 1042 2362 est
1054 2315 1263 2360 commota

274 2405 333 2482 ta,
359 2412 431 2470 nec
451 2389 535 2458 cibo
554 2403 626 2458 nec
647 2402 743 2479 potu
757 2402 845 2458 curn
858 2390 1024 2460 illislrui
1043 2395 1188 2477 voluit,
1216 2405 1264 2460 at·

233 2518 239 2532 *
276 2516 352 2584 que
376 2490 429 2560 sio
447 2482 596 2594 septem
612 2490 691 2558 dies
709 2490 904 2588 transiere.
964 2492 1117 2566 Deinde
1133 2495 1262 2587 Thyra

273 2592 408 2684 regina
430 2605 468 2660 et
487 2581 589 2662 Ozur
608 2591 812 2662 nutricius
822 2581 909 2680 ejus
931 2607 1049 2663 noctu
1063 2595 1107 2663 in
1121 2596 1262 2687 sylvam

274 2692 529 2786 aufugerunt.
554 2707 599 2761 ut
611 2691 742 2781 paucis
752 2691 885 2784 fugam
901 2711 1038 2763 eorum
1053 2715 1262 2780 narremus,

261 2795 317 2864 ιιι
341 2792 506 2864 Daniam
526 2805 734 2884 venerunt,
771 2793 841 2880 ubi
865 2795 997 2886 Thyra
1019 2797 1132 2864 nullo
1153 2809 1262 2886 pecto

275 2917 368 2972 ausa
386 2907 442 2966 est
456 2891 701 2980 commorari,
736 2913 827 2962 cum
849 2915 1072 2983 persvasum
1094 2897 1262 2982 haberet,

255 3083 258 3090 Ι
275 2995 451 3071 Sveinein
463 3012 617 3086 regem,
642 2993 673 3060 si
682 2994 888 3088 adventurn
901 3019 1014 3066 suum
1030 2997 1262 3080 rescisceret,

272 3119 315 3166 se
325 3095 428 3163 illico
446 3096 488 3164 in
495 3092 759 3186 Vindlandiam
771 3109 873 3163 retro
888 3121 967 3166 esse
979 3097 1262 3190 ablegeturum3

274 3195 365 3266 inde
382 3195 524 3264 occulti
540 3194 741 3286 ignotique
749 3191 823 3264 iter
833 3201 1131 3292 persequuntur,
1149 3199 1263 3266 donec

248 3335 258 3348 ·
273 3298 317 3366 in
340 3297 572 3388 Norvegiam
589 3295 636 3372 ed
655 3315 787 3386 regem
812 3297 978 3366 Olevum
993 3309 1261 3388 pervenerunt,

274 3421 297 3466 a
314 3419 389 3488 quo
404 3397 500 3466 ben'e
519 3393 669 3486 excepti
686 3394 971 3488 liberaliterque
989 3399 1148 3470 tractati
1166 3411 1259 3468 sunt.

185 3513 199 3522 “
275 3498 405 3588 Thyra
421 3497 522 3592 regi,
551 3496 690 3596 quibus
707 3494 749 3564 in
772 3499 957 3590 angustiis
970 3521 1032 3566 res
1046 3521 1126 3568 suae
1145 3521 1260 3570 versa·

275 3608 427 3686 rentur,
453 3597 603 3688 prolixe
623 3597 817 3686 exposuit,
841 3599 1030 3668 auxilium
1050 3599 1134 3686 ejus
1153 3623 1259 3691 expo·

274 3718 396 3785 scens,
406 3711 606 3788 tutamque
620 3716 786 3788 rnregno
798 3720 879 3784 eJUS
890 3722 1143 3770 mansronem
1147 3703 1259 3792 Thy·

246 3785 253 3811 *
274 3817 318 3864 ra
331 3809 412 3874 erat
427 3793 580 3867 femina
583 3796 732 3885 diserta,
761 3798 868 3884 cujus
882 3821 1076 3870 sermones
1091 3823 1177 3895 regi
1167 3804 1257 3892 ple-

277 3915 412 3982 cuere,
440 3897 571 3966 eedem
588 3897 710 3966 forma
728 3919 958 3992 morumque
974 3857 1256 3994 elegantieprae·

277 4009 389 4084 stans,
417 4018 534 4086 quare
545 4020 636 4085 rex,
653 3997 904 4090 intelligens,
915 4024 999 4082 earn
1013 4003 1086 4070 sibi
1101 4023 1253 4096 congru

276 4118 339 4164 em
350 4093 435 4163 fore
450 4118 623 4186 uxorem,
643 4119 858 4186 sermonem
875 4124 920 4170 eo
935 4101 1071 4191 flectit,
1098 4118 1154 4192 ut,
1170 4125 1252 4174 num

166 4207 170 4219 ·
239 4241 242 4248 .
278 4193 348 4262 sibi
364 4194 508 4264 nubere
529 4199 663 4288 vellet,
692 4217 953 4300 eammgaret.
1021 4205 1115 4300 Quae
1136 4219 1250 4276 autem
