2718 4680
363 313 493 436 22¹
655 313 1007 460 ...Εῇ
1191 363 1325 430 nis

175 594 180 613 ·
305 577 391 647 Rex
409 571 565 644 Eirikus
590 555 886 666 Sangvicccutit
913 597 935 642 e
963 595 1082 666 regno
1098 563 1322 670 pnofugit.

217 667 220 674 ’
346 673 446 765 ¹Cap.
462 681 512 748 15.
533 671 670 746 Primo.
681 695 773 742 vere,
790 695 857 741 rex
873 672 1024 762 Hakon,
1047 695 1117 766 per
1129 678 1324 768 superio·

305 795 366 862 res
401 772 693 866 Upplandorum
714 785 877 862 tractus,
915 774 1071 846 boream
1098 799 1232 868 versus
1260 780 1322 851 in

192 913 196 921 1
307 874 639 959 Thrandhoimum
652 873 856 965 profectus,
872 874 1070 968 ingentem
1086 879 1323 950 exercitum
1342 869 1343 880 ³

204 1003 208 1013 ·
307 999 355 1045 ex
370 989 459 1048 ,tota
482 976 676 1066 provincia
697 975 883 1065 evocavit,
919 977 1153 1072 classemque
1173 981 1321 1050 milite

304 1078 494 1147 instruxit.
545 1075 725 1148 Vikenses
742 1098 896 1168 quoque
909 1099 1065 1172 magnas
1082 1080 1322 1153 exciverant

308 1180 450 1270 copias,
474 1201 573 1276 quas
584 1177 758 1246 adversus
770 1197 904 1270 regem
920 1179 1121 1250 Hakonem
1141 1205 1319 1252 movere

307 1273 535 1350 statuerunt.
572 1269 720 1350 Eirikus
736 1299 812 1367 per
809 1277 962 1346 media's
972 1281 1319 1374 regniprovincias

306 1381 449 1453 milites
461 1401 644 1466 evocans,
676 1378 719 1448 in
731 1398 878 1470 magna
895 1379 969 1446 tuit
982 1382 1181 1471 copiarum
1203 1382 1343 1456 diffi-

307 1482 469 1568 cultate,
495 1478 598 1571 quod
614 1479 842 1568 optimatum
854 1479 990 1568 multi,
1015 1504 1059 1550 eo
1074 1469 1232 1572 relicto,
1262 1483 1318 1552 ad

205 1666 213 1676 ν
306 1583 510 1656 Hakonem
524 1579 799 1665 transieiunt13
824 1601 939 1670 quare
956 1602 1046 1650 cum
1064 1583 1194 1674 copiis,
1216 1607 1315 1674 quoe

309 1705 400 1752 eum
413 1705 520 1795 sequi
509 1680 729 1794 volebant,
764 1700 834 1772 per
857 1701 962 1750 mare
983 1683 1219 1754 occidentale
1237 1709 1316 1754 na·
1342 1723 1343 1730 ι

253 1801 274 1848 ·,
293 1783 464 1884 ,vigevim
489 1781 659 1872 primum
671 1781 713 1849 in
729 1780 923 1874 Orkneyas
939 1781 1131 1886 profectus
1147 1801 1216 1873 est,
1246 1787 1314 1854 in-

135 1881 138 1888 ’
253 1917 254 1924 1
310 1882 595 1995 dequemagnas
608 1880 912 1996 abduxitcopias3
934 1876 1024 1952 inde
1038 1899 1212 1970 austrum
1220 1908 1314 1955 ver-

308 2007 370 2054 sus
388 1983 430 2051 in
446 1983 624 2075 Angliam
641 1970 845 2074 navigavit,
879 1982 1008 2074 ibique
1022 1984 1167 2074 ptaedas
1189 2008 1313 2080 agere

310 2084 445 2173 coepit.
520 2086 605 2176 Quo
628 2103 695 2151 rex
724 2081 940 2157 Adalstein²
965 2085 1136 2179 cognito,
1180 2087 1315 2156 missis

241 2204 246 2218 ·
309 2184 360 2280 aci
387 2183 557 2256 Eirikum
580 2183 734 2274 legatis,
781 2183 818 2256 ei
848 2182 1033 2258 ditionem
1063 2184 1314 2280 fiduciariam

311 2285 468 2372 obtulit,
513 2283 727 2375 significans
761 2281 973 2372 facturum,
1022 2285 1125 2377 quod
1154 2287 1197 2356 in
1233 2309 1314 2357 sua

309 2397 499 2480 potestate
536 2395 650 2472 esset,
694 2395 750 2480 ut
770 2382 838 2473 ille
855 2406 908 2454 ¹ac
927 2383 1066 2456 Hakon
1098 2387 1148 2458 ab*
1172 2386 1315 2478 impiis
1342 2393 1343 2396 ’

310 2483 611 2557 contentionibus
637 2497 909 2584 averteremus.
967 2489 1092 2582 Quam
1114 2486 1313 2558 conditio-

309 2611 402 2658 nom
427 2607 517 2654 cum
535 2607 602 2654 rex
616 2584 765 2658 Eirikus
789 2586 1009 2676 accepisset,
1047 2587 1167 2658 missis
1182 2588 1312 2659 inter·

310 2687 478 2774 nunciis,
511 2685 586 2754 fide
611 2684 698 2754 data
722 2698 761 2754 et
783 2699 938 2776 occepta
955 2686 1058 2756 inter
1078 2705 1187 2780 reges
1213 2711 1313 2773 con-

243 2841 247 2851 ,
265 2793 269 2810 '
310 2789 432 2876 vehit,
458 2800 503 2854 ut
516 2785 664 2857 Eirikus
681 2783 995 2858 Northumbriam
1017 2787 1062 2858 ab
1079 2809 1170 2882 rege
1188 2788 1312 2860 Adai·
1326 2781 1328 2788 ’

310 2881 448 2959 steine³
468 2886 704 2957 fiduciariam
721 2886 920 2979 acciperet,
949 2900 988 2956 et
999 2887 1195 2980 regionem
1213 2911 1312 2960 con-

285 3025 287 3040 ·
310 3005 370 3058 tra
392 2991 519 3058 Dauos
537 2985 708 3080 aliosque
728 2985 924 3076 praedones
935 2985 1213 3078 defenderet,
1199 3011 1310 3081 lpse·

313 3111 388 3180 que
406 3091 463 3155 et
467 3086 606 3176 conjux¹
628 3085 707 3172 ejus
729 3099 768 3155 et
791 3085 923 3176 liberi,
959 3111 1148 3158 necnon
1155 3112 1309 3182 omnes,

276 3184 279 3194 ’
313 3189 381 3282 qui
398 3211 488 3257 eum
502 3187 597 3257 illuc
623 3187 744 3256 secut1
754 3185 926 3278 fuerant,
961 3187 1158 3280 baptismo
1163 3191 1311 3262 ¹·lustna

231 3355 233 3364 ,
313 3303 458 3383 rentur.
511 3291 615 3360 Tum
630 3285 1013 3378 Eirikusbaptitatus,
1035 3302 1079 3362 ,et
1094 3311 1224 3360 veram
1245 3315 1343 3388 reg

312 3392 498 3488 ligionem
517 3388 715 3478 amplexus
740 3401 805 3459 est.
869 3388 1140 3473 Northumbris
1163 3389 1310 3466 dicitur
1342 3481 1343 3488 ἵ

290 3555 294 3568 ,
314 3493 446 3582 quinta
462 3511 547 3580 pars
561 3489 719 3581 Angliae.
750 3533 753 3542 =
780 3488 928 3565 Eirikus
947 3490 1310 3582 JorvikaetEbsrnci)
1342 3505 1343 3514 ’

219 3647 221 3651 ,
256 3667 257 3672 1
313 3591 444 3662 sedem
458 3589 610 3674 habuit,
641 3589 710 3658 ubi
724 3588 856 3660 sedem
880 3591 975 3662 olim
986 3589 1159 3677 habuisse
1174 3590 1309 3664 serun-

312 3687 604 3778 tur'Lodbrokae
631 3689 729 3758 filii...
765 3689 862 3762 Post
887 3703 1114 3780 occupatam
1136 3693 1181 3760 ab
1204 3694 1309 3773 Lod·

266 3845 292 3856 ..
312 3790 441 3860 br'okae
471 3790 557 3858 filiis
577 3789 910 3880 Northumbrinm,
949 3791 1032 3860 haec
1057 3793 1163 3884 regio
1184 3799 1309 3876 innxi-

314 3913 419 3960 mam
451 3902 601 3979 partem
626 3891 670 3958 ab
699 3889 951 3984 Nordmannis
977 3889 1053 3960 fuit
1075 3893 1308 3986 inhabitata;

314 4013 404 4061 nam
416 4007 615 4080 postquam
623 3990 682 4060 illi
695 3991 902 4082 imperium
910 3992 1077 4086 regionis
1090 3995 1305 4087 amiserant,

355 4095 388 4186 ¹3
407 4121 455 4188 qui
472 4135 531 4167 cuin
552 4118 647 4188 opibus
665 4137 692 4170 so
712 4119 864 4194 destitutpm
879 4121 1111 4188 animadveitertt,
1138 4123 1234 4193 quihus
1248 4131 1306 4195 cogi

315 4209 421 4262 Hokoni
431 4211 568 4274 resisteret,
588 4209 660 4275 odd„
677 4207 707 4277 C,
722 4211 752 4262 F.
782 4209 810 4292 2)
830 4211 991 4281 Adalnnlus,
1006 4216 1037 4266 F.
1071 4211 1304 4283 ἶ”)Αι]ιι1ι·ιιιίυ,Ε.
