2680 4678
243 335 251 344 ’
349 381 442 494 268
640 393 915 474 m„
1007 309 1056 344 ⁵
1176 391 1277 462 cuc.

230 658 232 666 ·
271 582 385 686 'disse
411 629 452 678 so
476 620 516 677 et
542 603 749 695 audivisse,
782 627 868 698 que
894 577 1011 678 morlo
1037 601 1170 676 relata
1190 617 1281 674 sunt„

201 709 204 716 ⁴
287 713 419 814 Cujus
424 707 559 780 relatio
578 707 833 799 prudentibus
854 706 947 778 viris
964 704 1246 776 verisimilis
1214 729 1282 777 ιιιι

287 829 364 902 est,
390 833 481 881 nam
492 809 549 881 ιιι
564 808 720 934 habitus
738 822 796 879 est
810 809 885 880 fide
899 806 1040 902 dignus
1059 822 1104 880 et
1116 796 1283 878 veritatis

286 934 430 985 amans.

463 1081 527 1154 De
553 1075 702 1153 visione
725 1065 898 1175 Sigerdi
915 1079 1114 1177 episcopi.

390 1216 480 1310 Cap.
500 1221 576 1289 240.
627 1214 783 1288 Dicitur
804 1237 873 1286 rex
896 1215 1058 1305 olavus,
1088 1238 1188 1286 cum
1207 1237 1284 1288 cou-
1328 1245 1329 1276 ι

286 1317 433 1392 virium
446 1315 604 1408 aliquod
617 1313 740 1386 obiret
747 1331 993 1412 ,postquam‚
1005 1317 1150 1388 audita
1170 1319 1284 1407 missa,

285 1425 328 1493 in
341 1421 584 1592 carulum
600 1436 640 1488 se
655 1431 855 1512 receperat
875 1417 1012 1509 suique
1030 1441 1176 1488 omnes
1187 1419 1284 1488 sedes

286 1546 372 1594 suas
457 1523 682 1617 upavercmt,
709 1541 756 1588 ex
774 1540 954 1611 suprema
967 1518 1049 1588 aede
1070 1544 1095 1590 e
1111 1541 1330 1636 conspec-

286 1639 333 1696 tu
349 1613 496 1694 ablbcus
509 1620 633 1691 subito
634 1619 786 1711 fuisse,
810 1633 857 1690 ut
873 1643 895 1689 a
913 1619 1073 1690 nemine
1094 1623 1283 1714 conspice

98 1707 102 1718 ⁵
191 1755 212 1800 η
286 1739 415 1814 retur,
442 1721 555 1792 certis
571 1722 767 1814 omnibus,
790 1744 870 1795 non
889 1743 935 1789 ex
947 1723 1157 1793 coenaculo
1171 1744 1285 1818 egres·

286 1843 410 1916 sum3·
423 1821 558 1894 deiude
575 1824 672 1892 alter
693 1825 859 1896 alterum
874 1843 1067 1915 quaerere,
1102 1823 1179 1894 ubi
1196 1824 1285 1894 forte

288 1943 409 2012 esset3
459 1923 562 2017 quod
594 1921 774 2016 expedire
804 1946 885 1994 non
910 1921 1040 2016 potuit
1065 1923 1283 2018 quisquam.
1330 1921 1331 1926 ’

289 2029 390 2096 Cum
398 2049 488 2095 vero
501 2025 688 2118 Sigurdus
703 2023 908 2119 episcopus
924 2047 1154 2094 sermonem
1167 2027 1283 2096 homi

187 2190 190 2202 .
286 2152 385 2199 num
405 2126 747 2216 animadverteret,
784 2125 890 2194 infit:
916 2124 957 2196 id
972 2125 1148 2238 quidem
1172 2129 1284 2241 probe

201 2266 208 2279 ·
288 2230 414 2300 dicere
430 2249 588 2321 possum
602 2227 687 2298 ubi
684 2227 767 2312 ειη
794 2249 948 2316 eccum,
972 2218 1016 2302 'in
1029 2226 1169 2298 medio
1190 2231 1284 2321 pavi·

286 2345 420 2400 mento
437 2342 512 2400 stat
528 2342 567 2398 et
583 2349 675 2398 curn
693 2351 738 2397 eo
755 2328 1001 2420 colloquitur,
1030 2351 1155 2420 quem
1165 2331 1285 2400 videre

285 2453 365 2501 non
381 2429 440 2499 fas
456 2443 532 2518 est,
560 2440 601 2499 et
618 2427 705 2498 ide‘o
721 2450 854 2524 regem
867 2437 947 2510 non
958 2428 1111 2499 videtis.
1157 2431 1283 2506 Paulo

285 2545 416 2626 post,
429 2531 497 2622 qui
516 2530 622 2600 intus
646 2544 796 2632 erent,¹
808 2529 941 2600 vident
962 2549 1102 2623 regem
1125 2531 1175 2600 in
1199 2532 1285 2602 solio

187 2630 213 2680 ·'
284 2632 508 2721 sedentem,
542 2652 662 2724 quare
682 2653 817 2702 omnes
836 2651 1058 2721 persuasum
1077 2631 1285 2721 habebant,

285 2755 379 2804 oum
405 2731 468 2802 dei
483 2733 622 2826 angelo
643 2730 760 2803 fuisse
785 2734 1039 2819 collocutum
1104 2733 1231 2821 Cujus
1254 2759 1285 2804 e

282 2833 392 2902 uenti
408 2841 548 2926 magua
564 2833 640 2902 fuit
655 2833 758 2924 apud
772 2855 905 2903 omnes
921 2812 1151 2924 admiratio,
1177 2857 1285 2906 nemo

285 2946 418 3006 autem
447 2933 494 3004 de
520 2957 565 3003 eo
588 2935 698 3026 loqui
720 2949 788 3004 aut
806 2957 852 3002 ex
876 2955 968 3028 rege
985 2956 1190 3026 quaerere,
1216 2957 1284 3029 quo

283 3049 401 3127 pacto
418 3034 634 3126 accidisset,
655 3059 767 3104 ausus
783 3051 849 3106 est„
903 3039 988 3130 Qua
1000 3037 1043 3124 iu
1055 3059 1100 3104 re
1117 3037 1216 3106 deus
1226 3039 1286 3106 ho-

284 3135 458 3208 minibus
474 3136 677 3208 ostendere
692 3137 816 3207 voluit
839 3138 1024 3208 meritum
1041 3136 1159 3208 Olavi
1179 3139 1284 3232 regis,

255 3249 258 3264 '
285 3234 459 3332 quamvis
485 3239 606 3332 labere
627 3238 833 3329 cupientis,
870 3241 965 3308 item
988 3238 1212 3310 bonitatem
1237 3239 1284 3309 Sis

177 3347 181 3356 “
284 3335 402 3431 gurdi
417 3337 605 3429 episcopi,
633 3340 720 3430 qui,
749 3337 852 3432 quod
866 3337 1122 3432 praesentium
1139 3337 1283 3410 nemini

284 3451 426 3530 praeter
445 3461 577 3534 regem
594 3440 691 3510 scire
705 3441 837 3512 datum
849 3455 925 3529 est,
946 3439 1177 3532 conspicere
1192 3441 1284 3511 aliis·

285 3563 362 3630 que
380 3539 525 3610 referre
535 3541 674 3632 potuit.
728 3542 789 3612 Sic
805 3564 958 3634 quoque
972 3540 1191 3613 traduntur
1201 3563 1283 3634 quo·

283 3641 448 3710 tundam
463 3641 697 3732 sapientium
710 3643 918 3714 hominum
931 3639 1056 3731 dicta,
1084 3643 1157 3712 ubi
1175 3645 1282 3736 longo

195 3795 198 3802 .
283 3755 374 3833 post
396 3755 574 3833 tempore
593 3765 717 3813 sermo
742 3743 789 3814 de
804 3765 897 3840 rege
918 3745 1038 3814 Olavo
1063 3743 1280 3814 institueba-

213 3851 217 3866 '
283 3855 370 3928 tur,
385 3840 510 3912 visum
528 3843 619 3937 ipsis
634 3867 728 3932 esse,
746 3846 976 3937 quibusdam
987 3843 1030 3912 ιιι
1046 3845 1168 3914 rebus
1177 3865 1279 3937 posse

284 3943 425 4012 merito
450 3943 635 4034 dubitari,
662 3959 889 4018 terrenusue
913 3957 1065 4014 tantum
1084 3945 1206 4016 homo
1220 3965 1279 4014 rer

284 4042 426 4112 olavus
439 4041 592 4133 fuisset,
618 4049 844 4118 encoelestis
860 4047 1032 4137 nuntius,
1061 4046 1277 4118 auxiliobo·

282 4141 577 4215 minibusadeo
591 4146 741 4221 missus.
779 4187 780 4198 ι

628 4340 640 4370 N
