2634 4682
353 319 445 415 184
524 355 529 362 ·
657 324 932 409 ....····..··.···„....··'
1053 308 1072 336 ⁹
1164 345 1254 416 tuo

289 555 406 627 homo
432 571 512 624 nrm
536 549 632 640 luit,
666 547 733 621 sed
747 549 923 644 spiritus,
950 553 998 626 ab
1010 537 1261 644 'omnipotente

243 707 245 714 -
290 655 363 726 deo
389 655 568 746 princeps
598 653 766 744 aliorum
786 657 1016 748 angelorum
1042 652 1260 737 constitutus,

291 757 431 850 quibus
456 755 497 824 id
520 755 669 846 negotii
695 753 819 844 dedit,
852 770 898 824 ut
928 771 1063 842 contra
1089 751 1260 824 diabolum

292 858 452 946 ejusque
470 855 631 924 hostiles
650 853 843 924 ministros
859 857 1049 947 militent,
1076 871 1260 942 omnesque

294 957 528 1026 christianos·
557 954 689 1024 fideles
715 955 774 1024 'ab
805 956 1051 1046 impurorum
1079 955 1262 1046 spirituum

179 1141 183 1157 ι
291 1057 416 1128 noxiis
448 1053 537 1125 telis
565 1069 789 1148 protegant3
806 1079 813 1098 ⁸
831 1055 1020 1129 Michaeli
1046 1077 1198 1148 quoque
1220 1071 1262 1118 ar·

293 1159 482 1252 changeio
514 1157 707 1247 praecipua
726 1179 748 1224 a
777 1155 848 1226 deo
869 1155 955 1232 data
973 1173 1030 1228 est
1056 1169 1217 1250 potestas
1234 1152 1263 1219 in

209 1297 214 1312 =
282 1259 437 1329 animas
456 1256 752 1352 christianorum
766 1257 980 1329 hominum
987 1281 1033 1328 ex
1048 1259 1123 1328 hac
1139 1252 1264 1325 vitade·

295 1359 533 1446 cedentium,
559 1372 604 1428 ut
621 1359 688 1428 has
705 1358 868 1460 accipiat
891 1353 993 1430 etin
1008 1361 1201 1428 excelsam
1214 1354 1264 1424 Pa·

80 1502 108 1549 ,ι
282 1459 409 1530 τιάἰεὶ
427 1460 597 1551 quietem
610 1447 853 1556 introducat,¹
866 1461 934 1529 ubi
947 1453 1264 1530 ineffabilislaetitia

296 1576 335 1629 et
348 1561 540 1676 voluptas,
566 1547 710 1648 honor,
733 1557 896 1630 felicitas
914 1557 1264 1648 eto'mnimorlaepro·

296 1661 486 1774 speritatis
511 1659 619 1760 copia
646 1674 719 1750 est,
760 1663 868 1730 nulla
889 1685 978 1731 vero
1002 1683 1127 1750 mors,
1162 1676 1264 1745 neque

263 1761 266 1764 ’
297 1764 424 1853 dolor,
451 1767 576 1860 neque
590 1761 759 1850 morbus,
785 1785 911 1852 neque
932 1763 1119 1858 aegritudo
1137 1754 1264 1830 autmi-

291 1853 415 1957 seria,
457 1862 523 1932 sed
548 1859 697 1932 infinita
724 1863 825 1946 salus
855 1875 894 1932 et
917 1863 1061 1934 aeterna
1084 1863 1175 1930 vita.
1221 1852 1266 1925 lbi

297 1965 491 2078 homipes,
520 1963 586 2055 qui
601 1985 700 2053 pura
714 1964 794 2032 vita
806 1979 849 2033 et
862 1965 1010 2079 justitia
1032 1959 1197 2053 creatori
1214 1976 1264 2025 suo

299 2043 556 2152 serviverant,
603 2066 830 2156 angelorum
863 2064 1070 2136 ministerii
1096 2072 1266 2134 consortes

281 2168 435 2251 liunt3
425 2187 579 2234 eorum
597 2161 818 2254 pulcritudo
832 2179 871 2235 et
887 2165 1067 2257 splendor
1085 2167 1210 2235 lucem
1224 2181 1266 2227 so

297 2267 368 2356 lis,
396 2285 531 2344 eorum
545 2265 751 2358 fragrantia
765 2277 921 2346 omnem
936 2266 1197 2353 dulcedinem,
1221 2281 1265 2330 eo·

192 2365 202 2390 '
297 2365 388 2440 rum
402 2361 589 2455 celeritas,
612 2367 730 2436 robur
747 2379 786 2435 et
800 2367 966 2436 efficacia
986 2389 1145 2445 omnem
1157 2365 1266 2434 huma·

143 2477 146 2484 ’
200 2480 243 2490 ’“
299 2491 390 2540 nam
416 2467 689 2580 cogitationem
712 2483 884 2559 superat:
926 2491 1065 2538 eorum
1087 2467 1266 2536 innumera

156 2571 165 2588 ”
298 2567 533 2642 multitudo
523 2589 570 2638 ιιι
574 2591 711 2638 norem
730 2570 881 2640 ordines
899 2569 1015 2638 divisa
1028 2582 1098 2659 est,
1127 2583 1265 2677 quorum

302 2659 463 2763 quisque
483 2669 679 2760 peculiare
700 2669 957 2741 ministerium
980 2693 1002 2739 a
1021 2670 1092 2739 deo
1109 2665 1264 2737 constitu·

225 2795 229 2808 ’
300 2787 387 2842 turn
412 2771 548 2855 habet3
591 2770 689 2841 alii
678 2793 719 2840 ιιι
745 2772 785 2840 id
806 2771 1003 2842 constituti
1024 2781 1263 2862 potestateque

300 2871 405 2944 au'cti
421 2884 527 2960 sunt,
552 2883 597 2940 ut
615 2872 892 2965 impugnent&
911 2871 1121 2966 profligent
1136 2886 1264 2940 omnem

286 2972 512 3058 ,efficaciam
527 2972 787 3066 malignorum
804 2974 1032 3065 spirituum,
1059 2971 1129 3066 qui
1141 2985 1264 3060 semper

300 3074 471 3145 humano
494 3074 627 3166 generi
641 3073 879 3148 insidiantur,
898 3090 937 3146 et
950 3097 1092 3144 nocere
1110 3071 1263 3164 cupium

276 3227 279 3235 ⁷
301 3175 367 3244 alii
382 3176 538 3250 morbos
554 3187 593 3241 et·
608 3176 709 3242 mala
723 3169 971 3268 adversasque
990 3197 1052 3244 res
1068 3169 1262 3244 horm'nibus

302 3274 530 3362 defendunt,
554 3273 719 3344 vicissim
730 3275 941 3366 perlectam
955 3277 1132 3364 salutem,
1147 3289 1263 3342 omnes

154 3446 164 3462 ,
301 3400 379 3468 que
402 3377 494 3446 alias
512 3396 573 3443 res
589 3379 818 3456 necessarias
838 3392 876 3446 et
890 3377 1107 3448 commodas
1123 3367 1263 3468 mortali·

185 3495 187 3504 ’
263 3539 265 3543 ,
299 3479 372 3567 bus
395 3477 629 3565 tribuentem
656 3477 729 3546 -alii
752 3497 904 3568 semper
922 3499 1053 3550 coram
1079 3477 1262 3546 deostaut:

300 3578 488 3648 universis
502 3590 635 3648 tamen
648 3575 853 3648 commune
868 3578 1039 3656 studium
1053 3591 1166 3668 atque
1175 3590 1261 3663 opert

303 3692 378 3767 est,
406 3679 521 3747 deum
538 3677 842 3769 omnipotentem
856 3675 1259 3754 indesinenterlaudare,

300 3778 498 3891 illumque·
509 3779 713 3848 svavisonis
729 3779 898 3850 uocibus
906 3779 1152 3850 ineffabiliter
1168 3773 1259 3845 delec-

193 3895 200 3984 Ι·
276 3893 406 3963 ‘tare3
435 3901 502 3969 qur
490 3867 816 3969 pulcritudinem
837 3882 919 3968 ejus
934 3903 1088 3971 semper
1106 3875 1256 3949 admiran-

300 3992 372 4066 tce,
389 3979 570 4046 faciem
539 4001 619 4064 ejus
635 3979 1162 4078 aeternumintuericupiunt
1185 3975 1255 4043 011111

288 4078 384 4146 -boec
408 4078 548 4170 hisque
578 4079 719 4150 similia
743 4080 884 4150 diserto
904 4106 971 4150 ore
982 4071 1253 4176 Thangbiandus

302 4189 527 4270 perorasset,
544 4179 698 4248 Hellus:
714 4179 969 4304 intellectum
983 4196 1199 4274 captumque
1206 4174 1254 4242 hu
