2640 4682
54 339 150 488 toto.
321 445 323 448 -
405 413 681 476 ...·-·.·.·.···.....·
908 389 971 508 45

55 629 148 728 quod
160 647 251 701 vero
275 621 462 721 Skeggius
476 617 704 692 interfectus
722 613 821 712 erat,
848 643 1039 692 nemoru-

57 737 149 806 stitae
172 728 352 806 factionis
376 724 503 816 copias
519 723 659 793 ducere
682 735 722 792 et
738 722 846 819 signa
861 723 1040 793 adversus

54 857 176 930 regem
191 833 356 904 Olavum
371 824 545 896 conferre
565 823 758 894 sustinuit.
813 827 948 920 Quare
961 821 1040 894 fac·
1096 887 1100 898 .

55 953 131 1006 tum
146 945 221 1024 est,
267 943 314 1000 ut
335 947 469 1012 ornnes
494 922 579 1018 regi
604 947 686 995 sese
712 915 896 995 dederent
927 937 966 997 et
991 923 1041 1010 ad

13 1087 14 1092 .
56 1037 219 1108 officium
234 1031 416 1102 redirent.
469 1027 504 1100 T
506 1050 574 1096 um
588 1049 656 1096 rex
670 1045 823 1117 omneS,
849 1037 1041 1118 quotquot

56 1138 223 1210 nondum
245 1131 400 1202 fuerant
417 1124 611 1219 baptizati,
632 1149 739 1196 sacro
754 1125 861 1196 fonte
874 1129 1040 1196 lustran-

58 1242 116 1309 dos
139 1234 298 1324 curavit,
323 1243 362 1301 et
379 1229 552 1317 obsides,
577 1226 620 1296 in
638 1228 778 1323 pignus
797 1227 1040 1298 observandae

57 1337 268 1434 religionis,
294 1331 482 1404 arusticis
499 1328 659 1420 accepit.
713 1329 865 1401 Deinde
874 1349 941 1398 rex
951 1347 1041 1397 suos

59 1465 140 1512 cum
155 1430 382 1508 'christianis
404 1429 623 1500 doctoribus
645 1451 717 1522 per
738 1435 872 1500 omnes
894 1429 1043 1502 Trand·

58 1540 172 1611 hoimi
181 1535 396 1630 provincias
410 1529 744 1623 dimisit3tumque
753 1553 886 1600 omnes
895 1530 1043 1612 Trand-

58 1641 174 1715 heimi
187 1639 324 1708 incolae
341 1629 525 1724 baptizati
549 1645 657 1721 sunt,
681 1631 838 1702 nemine
861 1629 1045 1724 religioni

59 1743 264 1819 resistente.
310 1739 393 1810 Rex
409 1735 549 1804 Olavus
565 1747 655 1802 cum
666 1732 785 1824 copiis
803 1731 1046 1804 Nidarosiam

59 1843 168 1914 rediit
181 1839 314 1932 ibique
332 1833 514 1906 consedit.
551 1829 688 1903 Coloni
703 1854 793 1903 vero
810 1832 925 1904 funus
940 1835 1047 1904 Ja'rn·
1108 1827 1114 1850 ¹

61 1942 205 2036 skeggii
219 1941 262 2012 in
274 1939 385 2025 Yrjas
400 1936 663 2026 deportarunt,
675 1947 715 2003 et
728 1934 771 2004 in
785 1935 1046 2030 Skeggjahauae

62 2067 106 2138 go
131 2042 301 2138 (tumulo
326 2033 506 2132 Skaggii).
519 2034 763 2120 oborientali
783 2049 893 2132 parte
909 2037 1047 2110 huma·

61 2157 202 2218 verunt.
276 2183 280 2191 ·
691 2171 694 2178 ’

88 2317 92 2332 ”
122 2305 125 2317 ’
158 2303 389 2388 Divortium
410 2263 526 2382 Olavi
544 2303 649 2406 regis
667 2312 706 2380 tt
724 2305 939 2390 Gudrunoe.

161 2445 332 2539 capnos.
359 2447 442 2516 Rex
452 2446 693 2535 Olavus,loc'o
703 2457 956 2536 temporeque
966 2464 1052 2514 coe·
1075 2457 1081 2490 l

65 2533 155 2630 undi
177 2546 372 2634 condicto,
397 2560 579 2640 cognatos
599 2539 840 2640 Jarnskeggii
859 2542 1050 2633 convenit,

66 2656 184 2744 iisque
193 2648 357 2719 multam
371 2667 441 2738 pro
452 2645 555 2716 caede
573 2647 819 2742 ejusobtulit,
830 2645 965 2718 multis
983 2667 1052 2714 no·

67 2754 201 2823 bilibus
217 2746 308 2819 viris
319 2747 429 2818 caedis
441 2769 597 2817 causam
612 2744 813 2842 agentibus
828 2739 1054 2816 satisfaotio-

67 2847 779 2944 nemquepostulantibus.Jarnskeggio
787 2871 864 2919 una
874 2847 1055 2938 eratfilia,

68 2953 219 3024 nomine
237 2949 434 3022 Gudruna.
469 2945 647 3022 Tandem
661 2947 785 3044 fredus
795 2949 898 3020 inter
920 2969 1056 3043 regem
1196 3017 1199 3033 ,

71 3056 229 3124 Olavum
253 3065 293 3121 et
314 3061 494 3144 cognatos
515 3043 758 3146 Jarnskoggii
787 3074 835 3120 ea
859 3049 947 3145 lege
975 3047 1055 3117 fac·
1120 3069 1127 3076 ·

11 3201 13 3204 -
71 3169 153 3226 tum
167 3165 242 3244 est,
280 3165 327 3222 ut
346 3173 416 3221 rex
443 3151 584 3220 Olavus
604 3151 850 3222 'Gudrunam
865 3150 1053 3246 duceret.

74 3256 167 3325 Cum
186 3271 277 3324 vero
302 3265 457 3344 tempus
480 3250 708 3343 nuptiarum
731 3251 872 3343 adfuit,
919 3273 989 3321 rex
1016 3265 1058 3321 et

74 3353 312 3430 Gudrunaitt
337 3353 505 3424 eundem
526 3355 674 3424 lectum
700 3349 896 3440 coierunt;
930 3348 1058 3446 p'rima
1094 3365 1105 3380 ‘
1148 3351 1151 3367 '

75 3449 197 3528 autem
204 3469 338 3544 nocte,
356 3477 431 3547 qua
444 3463 520 3524 un'a
533 3455 837 3545 concubuerunt,
857 3455 1057 3545 Gudruna,

77 3579 202 3653 regem
212 3577 345 3628 somno
356 3572 582 3648 oppressum
590 3569 746 3649 putans,
763 3559 932 3627 cultrum
946 3555 1060 3626 strin-

79 3659 129 3728 xit
145 3659 256 3752 eique
276 3657 467 3727 intentare
492 3655 683 3751 cogitavit.
745 3657 857 3754 Quod
875 3681 962 3748 rer,
991 3656 1061 3751 qui

80 3760 267 3854 vigilaret,
296 3755 633 3848 animadvertens,
661 3758 832 3830 cultrum
854 3759 900 3830 ab
919 3783 964 3830 ea
987 3759 1060 3829 eri·-

80 3861 173 3951 puit,
198 3862 301 3931 lecto
315 3859 497 3948 surrexit,
522 3857 570 3930 ad
582 3883 670 3931 suos
687 3860 799 3953 exiit,
835 3859 984 3954 etquid
1001 3858 1062 3930 rei

82 3976 189 4051 esset,
216 3961 392 4032 ostendit.
448 3961 633 4033 Gudruna
649 3985 801 4055 quoque
816 3977 939 4034 vestes
956 3983 1060 4032 sum·

75 4063 144 4158 nsit,
167 4077 204 4132 et
219 4085 310 4136 cum
323 4059 502 4133 omuibus
513 4063 623 4154 viris,
648 4062 717 4156 qui
733 4089 818 4136 eam
831 4064 925 4135 illuc
942 4062 1061 4154 corni,-

82 4164 145 4236 tati
158 4163 330 4259 fuerant,
356 4163 494 4239 statim
509 4165 624 4260 abiit,
650 4189 723 4240 nec
742 4191 915 4264 unquam
928 4177 1062 4260 postea
