<?xml version="1.0" encoding="UTF-8"?>
<!DOCTYPE html PUBLIC "-//W3C//DTD XHTML 1.0 Transitional//EN"
    "http://www.w3.org/TR/xhtml1/DTD/xhtml1-transitional.dtd">
<html xmlns="http://www.w3.org/1999/xhtml" xml:lang="en" lang="en">
 <head>
  <title>
</title>
<meta http-equiv="Content-Type" content="text/html;charset=utf-8" />
  <meta name='ocr-system' content='tesseract 3.04.00' />
  <meta name='ocr-capabilities' content='ocr_page ocr_carea ocr_par ocr_line ocrx_word'/>
</head>
<body>
  <div class='ocr_page' id='page_1' title='image "./scriptahistoric00egilgoog_0379.png"; bbox 0 0 2626 4678; ppageno 0'>
   <div class='ocr_carea' id='block_1_1' title="bbox 354 361 1263 476">
    <p class='ocr_par' dir='ltr' id='par_1_1' title="bbox 354 361 1263 476">
     <span class='ocr_line' id='line_1_1' title="bbox 354 361 1263 476; baseline -0.009 -10"><span class='ocrx_word' id='word_1_1' title='bbox 354 361 414 466; x_wconf 72' lang='lat'>32</span> <span class='ocrx_word' id='word_1_2' title='bbox 652 393 924 476; x_wconf 72' lang='lat'>······,·····</span> <span class='ocrx_word' id='word_1_3' title='bbox 1172 400 1263 476; x_wconf 77' lang='lat' dir='ltr'>tec.</span> 
     </span>
    </p>
   </div>
   <div class='ocr_carea' id='block_1_2' title="bbox 196 602 1269 797">
    <p class='ocr_par' dir='ltr' id='par_1_2' title="bbox 196 602 1269 797">
     <span class='ocr_line' id='line_1_2' title="bbox 196 602 1268 702; baseline -0.008 -21"><span class='ocrx_word' id='word_1_4' title='bbox 196 695 200 702; x_wconf 23' lang='lat'>¹</span> <span class='ocrx_word' id='word_1_5' title='bbox 293 608 455 699; x_wconf 82' lang='lat' dir='ltr'>ejusque</span> <span class='ocrx_word' id='word_1_6' title='bbox 468 603 668 695; x_wconf 71' lang='lat' dir='ltr'>ingenium</span> <span class='ocrx_word' id='word_1_7' title='bbox 682 605 734 674; x_wconf 84' lang='lat' dir='ltr'>ita</span> <span class='ocrx_word' id='word_1_8' title='bbox 750 602 858 695; x_wconf 81' lang='lat' dir='ltr'>novi,</span> <span class='ocrx_word' id='word_1_9' title='bbox 893 613 939 672; x_wconf 89' lang='lat' dir='ltr'>nt</span> <span class='ocrx_word' id='word_1_10' title='bbox 953 603 1208 696; x_wconf 87' lang='lat' dir='ltr'>nonamplius</span> <span class='ocrx_word' id='word_1_11' title='bbox 1218 624 1268 672; x_wconf 79' lang='lat' dir='ltr'>te·</span> 
     </span>
     <span class='ocr_line' id='line_1_3' title="bbox 291 701 1269 797; baseline -0.012 -15"><span class='ocrx_word' id='word_1_12' title='bbox 291 733 394 797; x_wconf 78' lang='lat' dir='ltr'>rear,</span> <span class='ocrx_word' id='word_1_13' title='bbox 430 732 479 776; x_wconf 89' lang='lat' dir='ltr'>ne</span> <span class='ocrx_word' id='word_1_14' title='bbox 499 701 597 774; x_wconf 86' lang='lat' dir='ltr'>mihi</span> <span class='ocrx_word' id='word_1_15' title='bbox 613 707 764 774; x_wconf 83' lang='lat' dir='ltr'>insidias</span> <span class='ocrx_word' id='word_1_16' title='bbox 781 718 899 796; x_wconf 90' lang='lat' dir='ltr'>paret.</span> <span class='ocrx_word' id='word_1_17' title='bbox 961 709 1050 774; x_wconf 87' lang='lat' dir='ltr'>Jam·</span> <span class='ocrx_word' id='word_1_18' title='bbox 1070 721 1269 784; x_wconf 81' lang='lat' dir='ltr'>autumnus</span> 
     </span>
    </p>
   </div>
   <div class='ocr_carea' id='block_1_3' title="bbox 155 805 1269 884">
    <p class='ocr_par' dir='ltr' id='par_1_3' title="bbox 155 805 1269 884">
     <span class='ocr_line' id='line_1_4' title="bbox 155 805 1269 884; baseline -0.008 -1"><span class='ocrx_word' id='word_1_19' title='bbox 155 831 157 839; x_wconf 70' lang='grc'><strong>“</strong></span> <span class='ocrx_word' id='word_1_20' title='bbox 240 859 243 874; x_wconf 85' lang='lat'><em>-</em></span> <span class='ocrx_word' id='word_1_21' title='bbox 295 815 383 884; x_wconf 87' lang='lat' dir='ltr'>exit.</span> <span class='ocrx_word' id='word_1_22' title='bbox 437 809 517 877; x_wconf 80' lang='lat' dir='ltr'>Rex</span> <span class='ocrx_word' id='word_1_23' title='bbox 539 808 675 878; x_wconf 87' lang='lat' dir='ltr'>certior</span> <span class='ocrx_word' id='word_1_24' title='bbox 691 809 734 874; x_wconf 86' lang='lat' dir='ltr'>lit</span> <span class='ocrx_word' id='word_1_25' title='bbox 750 805 955 878; x_wconf 66' lang='lat' dir='ltr'>Tlrrandos‘</span> <span class='ocrx_word' id='word_1_26' title='bbox 971 805 1133 875; x_wconf 84' lang='lat' dir='ltr'>ineunte</span> <span class='ocrx_word' id='word_1_27' title='bbox 1157 806 1269 874; x_wconf 83' lang='lat' dir='ltr'>hieme</span> 
     </span>
    </p>
   </div>
   <div class='ocr_carea' id='block_1_4' title="bbox 290 895 1269 1208">
    <p class='ocr_par' dir='ltr' id='par_1_4' title="bbox 290 895 1269 1208">
     <span class='ocr_line' id='line_1_5' title="bbox 292 895 1269 1006; baseline -0.006 -27"><span class='ocrx_word' id='word_1_28' title='bbox 292 909 464 1006; x_wconf 83' lang='lat' dir='ltr'>ingentia</span> <span class='ocrx_word' id='word_1_29' title='bbox 477 895 658 976; x_wconf 83' lang='lat' dir='ltr'>sacrificia</span> <span class='ocrx_word' id='word_1_30' title='bbox 674 908 904 994; x_wconf 85' lang='lat' dir='ltr'>instaurare,</span> <span class='ocrx_word' id='word_1_31' title='bbox 933 905 1105 996; x_wconf 85' lang='lat' dir='ltr'>deosque</span> <span class='ocrx_word' id='word_1_32' title='bbox 1126 927 1269 997; x_wconf 83' lang='lat' dir='ltr'>magno-</span> 
     </span>
     <span class='ocr_line' id='line_1_6' title="bbox 292 1007 1269 1108; baseline -0.006 -27"><span class='ocrx_word' id='word_1_33' title='bbox 292 1033 385 1108; x_wconf 83' lang='lat' dir='ltr'>pere</span> <span class='ocrx_word' id='word_1_34' title='bbox 419 1013 615 1096; x_wconf 81' lang='lat' dir='ltr'>invocare,</span> <span class='ocrx_word' id='word_1_35' title='bbox 662 1033 712 1076; x_wconf 89' lang='lat' dir='ltr'>ne</span> <span class='ocrx_word' id='word_1_36' title='bbox 739 1007 964 1098; x_wconf 78' lang='lat' dir='ltr'>religionem</span> <span class='ocrx_word' id='word_1_37' title='bbox 997 1027 1138 1100; x_wconf 71' lang='lat' dir='ltr'>aroge</span> <span class='ocrx_word' id='word_1_38' title='bbox 1168 1009 1269 1081; x_wconf 76' lang='lat' dir='ltr'>Olaio</span> 
     </span>
     <span class='ocr_line' id='line_1_7' title="bbox 290 1109 990 1208; baseline -0.01 -27"><span class='ocrx_word' id='word_1_39' title='bbox 290 1112 533 1208; x_wconf 77' lang='lat' dir='ltr'>praedicatam</span> <span class='ocrx_word' id='word_1_40' title='bbox 550 1109 744 1178; x_wconf 83' lang='lat' dir='ltr'>introduci</span> <span class='ocrx_word' id='word_1_41' title='bbox 758 1120 990 1198; x_wconf 86' lang='lat' dir='ltr'>paterentur.</span> 
     </span>
    </p>
   </div>
   <div class='ocr_carea' id='block_1_5' title="bbox 291 1252 1268 1474">
    <p class='ocr_par' dir='ltr' id='par_1_5' title="bbox 291 1252 1268 1474">
     <span class='ocr_line' id='line_1_8' title="bbox 291 1252 1268 1446; baseline -0.01 -92"><span class='ocrx_word' id='word_1_42' title='bbox 291 1287 377 1358; x_wconf 85' lang='lat' dir='ltr'>Rex</span> <span class='ocrx_word' id='word_1_43' title='bbox 399 1281 544 1357; x_wconf 76' lang='lat' dir='ltr'>Oinous</span> <span class='ocrx_word' id='word_1_44' title='bbox 562 1252 788 1446; x_wconf 60' lang='lat' dir='ltr'>religionem,</span> <span class='ocrx_word' id='word_1_45' title='bbox 803 1275 1066 1367; x_wconf 67' lang='lat' dir='ltr'>christianam</span> <span class='ocrx_word' id='word_1_46' title='bbox 1081 1276 1268 1349; x_wconf 80' lang='lat' dir='ltr'>Thrandir</span> 
     </span>
     <span class='ocr_line' id='line_1_9' title="bbox 671 1377 917 1474; baseline -0.02 -28"><span class='ocrx_word' id='word_1_47' title='bbox 671 1403 759 1474; x_wconf 79' lang='lat' dir='ltr'>prce</span> <span class='ocrx_word' id='word_1_48' title='bbox 791 1377 882 1454; x_wconf 76' lang='lat' dir='ltr'>ient.</span> <span class='ocrx_word' id='word_1_49' title='bbox 915 1430 917 1441; x_wconf 91' lang='lat'><em>.</em></span> 
     </span>
    </p>
   </div>
   <div class='ocr_carea' id='block_1_6' title="bbox 202 1509 1303 3114">
    <p class='ocr_par' dir='ltr' id='par_1_6' title="bbox 202 1509 1303 3114">
     <span class='ocr_line' id='line_1_10' title="bbox 395 1509 1271 1606; baseline -0.007 -22"><span class='ocrx_word' id='word_1_50' title='bbox 395 1513 485 1606; x_wconf 87' lang='lat' dir='ltr'>Cap.</span> <span class='ocrx_word' id='word_1_51' title='bbox 501 1519 574 1586; x_wconf 76' lang='lat'><strong>162.</strong></span> <span class='ocrx_word' id='word_1_52' title='bbox 628 1515 734 1584; x_wconf 75' lang='lat' dir='ltr'>Nora</span> <span class='ocrx_word' id='word_1_53' title='bbox 749 1511 879 1588; x_wconf 83' lang='lat' dir='ltr'>hieme</span> <span class='ocrx_word' id='word_1_54' title='bbox 895 1531 964 1580; x_wconf 84' lang='lat' dir='ltr'>rex</span> <span class='ocrx_word' id='word_1_55' title='bbox 980 1509 1144 1600; x_wconf 76' lang='lat' dir='ltr'>OlavuS,</span> <span class='ocrx_word' id='word_1_56' title='bbox 1172 1509 1271 1580; x_wconf 83' lang='lat' dir='ltr'>missa</span> 
     </span>
     <span class='ocr_line' id='line_1_11' title="bbox 251 1612 1303 1746; baseline -0.01 -58"><span class='ocrx_word' id='word_1_57' title='bbox 251 1665 252 1670; x_wconf 21' lang='grc' dir='ltr'><strong>κ</strong></span> <span class='ocrx_word' id='word_1_58' title='bbox 292 1642 361 1712; x_wconf 89' lang='lat' dir='ltr'>per</span> <span class='ocrx_word' id='word_1_59' title='bbox 374 1631 502 1685; x_wconf 88' lang='lat' dir='ltr'>totum</span> <span class='ocrx_word' id='word_1_60' title='bbox 511 1612 1012 1699; x_wconf 62' lang='lat' dir='ltr'>Thrandheimumdessera,</span> <span class='ocrx_word' id='word_1_61' title='bbox 1028 1612 1270 1680; x_wconf 87' lang='lat' dir='ltr'>comitiaocto</span> <span class='ocrx_word' id='word_1_62' title='bbox 1301 1649 1303 1746; x_wconf 71' lang='lat'>,</span> 
     </span>
     <span class='ocr_line' id='line_1_12' title="bbox 202 1711 1303 1813; baseline -0.014 -22"><span class='ocrx_word' id='word_1_63' title='bbox 202 1810 205 1813; x_wconf 28' lang='grc'><strong>,</strong></span> <span class='ocrx_word' id='word_1_64' title='bbox 292 1715 723 1813; x_wconf 83' lang='lat' dir='ltr'>provinciarumFrostae</span> <span class='ocrx_word' id='word_1_65' title='bbox 736 1712 882 1782; x_wconf 84' lang='lat' dir='ltr'>indixit.</span> <span class='ocrx_word' id='word_1_66' title='bbox 909 1711 1270 1812; x_wconf 80' lang='lat' dir='ltr'>Colonivero,verso</span> <span class='ocrx_word' id='word_1_67' title='bbox 1302 1759 1303 1776; x_wconf 52' lang='lat'>2</span> 
     </span>
     <span class='ocr_line' id='line_1_13' title="bbox 292 1811 1303 1906; baseline -0.011 -15"><span class='ocrx_word' id='word_1_68' title='bbox 292 1825 335 1891; x_wconf 90' lang='lat' dir='ltr'>in</span> <span class='ocrx_word' id='word_1_69' title='bbox 352 1819 531 1888; x_wconf 56' lang='lat' dir='ltr'>savinam</span> <span class='ocrx_word' id='word_1_70' title='bbox 545 1814 639 1884; x_wconf 86' lang='lat' dir='ltr'>belli</span> <span class='ocrx_word' id='word_1_71' title='bbox 654 1811 899 1888; x_wconf 85' lang='lat' dir='ltr'>comitiorum</span> <span class='ocrx_word' id='word_1_72' title='bbox 917 1814 1108 1906; x_wconf 78' lang='lat' dir='ltr'>symbolO,</span> <span class='ocrx_word' id='word_1_73' title='bbox 1128 1814 1270 1882; x_wconf 87' lang='lat' dir='ltr'>univer·</span> <span class='ocrx_word' id='word_1_74' title='bbox 1302 1830 1303 1898; x_wconf 65' lang='lat' dir='ltr'>t</span> 
     </span>
     <span class='ocr_line' id='line_1_14' title="bbox 293 1853 1270 2010; baseline -0.012 -19"><span class='ocrx_word' id='word_1_75' title='bbox 293 1943 352 1992; x_wconf 90' lang='lat' dir='ltr'>sos</span> <span class='ocrx_word' id='word_1_76' title='bbox 369 1853 513 1988; x_wconf 70' lang='lat' dir='ltr'>liliero&#39;s</span> <span class='ocrx_word' id='word_1_77' title='bbox 529 1928 568 1984; x_wconf 91' lang='lat' dir='ltr'>et</span> <span class='ocrx_word' id='word_1_78' title='bbox 580 1937 705 2010; x_wconf 86' lang='lat' dir='ltr'>servos</span> <span class='ocrx_word' id='word_1_79' title='bbox 719 1934 789 2004; x_wconf 88' lang='lat' dir='ltr'>per</span> <span class='ocrx_word' id='word_1_80' title='bbox 806 1925 932 1982; x_wconf 89' lang='lat' dir='ltr'>totum</span> <span class='ocrx_word' id='word_1_81' title='bbox 945 1913 1270 1988; x_wconf 78' lang='lat' dir='ltr'>Thrandheimum</span> 
     </span>
     <span class='ocr_line' id='line_1_15' title="bbox 294 2012 1270 2106; baseline -0.011 -15"><span class='ocrx_word' id='word_1_82' title='bbox 294 2029 514 2104; x_wconf 84' lang='lat' dir='ltr'>evocarunt,</span> <span class='ocrx_word' id='word_1_83' title='bbox 542 2029 580 2084; x_wconf 91' lang='lat' dir='ltr'>et</span> <span class='ocrx_word' id='word_1_84' title='bbox 591 2037 686 2084; x_wconf 70' lang='lat' dir='ltr'>curn</span> <span class='ocrx_word' id='word_1_85' title='bbox 695 2037 763 2082; x_wconf 89' lang='lat' dir='ltr'>rex</span> <span class='ocrx_word' id='word_1_86' title='bbox 775 2013 818 2082; x_wconf 92' lang='lat' dir='ltr'>in</span> <span class='ocrx_word' id='word_1_87' title='bbox 831 2013 997 2086; x_wconf 89' lang='lat' dir='ltr'>comitiis</span> <span class='ocrx_word' id='word_1_88' title='bbox 1010 2012 1175 2106; x_wconf 84' lang='lat' dir='ltr'>adesset,</span> <span class='ocrx_word' id='word_1_89' title='bbox 1200 2014 1270 2084; x_wconf 88' lang='lat' dir='ltr'>ade·</span> 
     </span>
     <span class='ocr_line' id='line_1_16' title="bbox 282 2113 1270 2207; baseline -0.013 -13"><span class='ocrx_word' id='word_1_90' title='bbox 282 2135 354 2194; x_wconf 82' lang='lat' dir='ltr'>rat</span> <span class='ocrx_word' id='word_1_91' title='bbox 370 2115 579 2188; x_wconf 87' lang='lat' dir='ltr'>multitudo</span> <span class='ocrx_word' id='word_1_92' title='bbox 592 2113 733 2207; x_wconf 87' lang='lat' dir='ltr'>plebis,</span> <span class='ocrx_word' id='word_1_93' title='bbox 765 2113 945 2206; x_wconf 82' lang='lat' dir='ltr'>panoplia</span> <span class='ocrx_word' id='word_1_94' title='bbox 963 2128 1122 2196; x_wconf 82' lang='lat' dir='ltr'>armate.</span> <span class='ocrx_word' id='word_1_95' title='bbox 1187 2115 1270 2183; x_wconf 88' lang='lat' dir='ltr'>Con·</span> 
     </span>
     <span class='ocr_line' id='line_1_17' title="bbox 276 2213 1269 2313; baseline -0.009 -22"><span class='ocrx_word' id='word_1_96' title='bbox 276 2217 436 2313; x_wconf 69' lang='lat' dir='ltr'>¹stitutis</span> <span class='ocrx_word' id='word_1_97' title='bbox 455 2215 636 2304; x_wconf 82' lang='lat' dir='ltr'>comitile,</span> <span class='ocrx_word' id='word_1_98' title='bbox 662 2239 729 2286; x_wconf 89' lang='lat' dir='ltr'>rex</span> <span class='ocrx_word' id='word_1_99' title='bbox 749 2216 977 2308; x_wconf 74' lang='lat' dir='ltr'>religionem</span> <span class='ocrx_word' id='word_1_100' title='bbox 992 2215 1142 2286; x_wconf 89' lang='lat' dir='ltr'>colonis</span> <span class='ocrx_word' id='word_1_101' title='bbox 1150 2213 1269 2308; x_wconf 89' lang='lat' dir='ltr'>praedi-</span> 
     </span>
     <span class='ocr_line' id='line_1_18' title="bbox 290 2307 1269 2410; baseline -0.012 -16"><span class='ocrx_word' id='word_1_102' title='bbox 290 2323 403 2410; x_wconf 83' lang='lat' dir='ltr'>eavit,</span> <span class='ocrx_word' id='word_1_103' title='bbox 431 2319 496 2388; x_wconf 89' lang='lat' dir='ltr'>sed</span> <span class='ocrx_word' id='word_1_104' title='bbox 510 2341 598 2408; x_wconf 73' lang='lat' dir='ltr'>curn</span> <span class='ocrx_word' id='word_1_105' title='bbox 611 2317 718 2386; x_wconf 86' lang='lat' dir='ltr'>brevi</span> <span class='ocrx_word' id='word_1_106' title='bbox 733 2318 849 2410; x_wconf 70' lang='lat' dir='ltr'>rerba</span> <span class='ocrx_word' id='word_1_107' title='bbox 861 2315 1023 2405; x_wconf 78' lang='lat' dir='ltr'>iecisset,</span> <span class='ocrx_word' id='word_1_108' title='bbox 1051 2317 1182 2398; x_wconf 85' lang='lat' dir='ltr'>coloni</span> <span class='ocrx_word' id='word_1_109' title='bbox 1198 2307 1269 2386; x_wconf 64' lang='lat' dir='ltr'>conl</span> 
     </span>
     <span class='ocr_line' id='line_1_19' title="bbox 294 2413 1244 2512; baseline -0.013 -18"><span class='ocrx_word' id='word_1_110' title='bbox 294 2425 498 2494; x_wconf 83' lang='lat' dir='ltr'>clamantes</span> <span class='ocrx_word' id='word_1_111' title='bbox 521 2441 612 2488; x_wconf 87' lang='lat' dir='ltr'>eum</span> <span class='ocrx_word' id='word_1_112' title='bbox 628 2431 754 2488; x_wconf 90' lang='lat' dir='ltr'>tacere</span> <span class='ocrx_word' id='word_1_113' title='bbox 777 2417 993 2503; x_wconf 82' lang='lat' dir='ltr'>jusserunt:</span> <span class='ocrx_word' id='word_1_114' title='bbox 1010 2413 1161 2512; x_wconf 76' lang='lat' dir='ltr'>.,&#39;&#39;qu0d</span> <span class='ocrx_word' id='word_1_115' title='bbox 1175 2418 1214 2486; x_wconf 91' lang='lat' dir='ltr'>ni</span> <span class='ocrx_word' id='word_1_116' title='bbox 1229 2414 1244 2482; x_wconf 87' lang='lat' dir='ltr'>l</span> 
     </span>
     <span class='ocr_line' id='line_1_20' title="bbox 234 2517 1268 2612; baseline -0.008 -19"><span class='ocrx_word' id='word_1_117' title='bbox 234 2561 238 2576; x_wconf 54' lang='grc' dir='ltr'><em>ι</em></span> <span class='ocrx_word' id='word_1_118' title='bbox 294 2525 365 2611; x_wconf 87' lang='lat' dir='ltr'>cis,</span> <span class='ocrx_word' id='word_1_119' title='bbox 395 2520 634 2612; x_wconf 81' lang='lat' dir='ltr'>inquientes,</span> <span class='ocrx_word' id='word_1_120' title='bbox 667 2519 731 2596; x_wconf 82' lang='lat' dir='ltr'>hic</span> <span class='ocrx_word' id='word_1_121' title='bbox 754 2517 882 2586; x_wconf 90' lang='lat' dir='ltr'>statim</span> <span class='ocrx_word' id='word_1_122' title='bbox 906 2517 947 2586; x_wconf 92' lang='lat' dir='ltr'>in</span> <span class='ocrx_word' id='word_1_123' title='bbox 971 2517 1139 2588; x_wconf 89' lang='lat' dir='ltr'>comitiis</span> <span class='ocrx_word' id='word_1_124' title='bbox 1160 2533 1198 2588; x_wconf 87' lang='lat' dir='ltr'>te</span> <span class='ocrx_word' id='word_1_125' title='bbox 1219 2537 1268 2607; x_wconf 80' lang='lat' dir='ltr'>ag·</span> 
     </span>
     <span class='ocr_line' id='line_1_21' title="bbox 293 2609 1300 2720; baseline -0.009 -29"><span class='ocrx_word' id='word_1_126' title='bbox 293 2621 413 2720; x_wconf 85' lang='lat' dir='ltr'>gressi</span> <span class='ocrx_word' id='word_1_127' title='bbox 426 2635 494 2691; x_wconf 89' lang='lat' dir='ltr'>aut</span> <span class='ocrx_word' id='word_1_128' title='bbox 506 2619 782 2689; x_wconf 78' lang='lat' dir='ltr'>interficiemus</span> <span class='ocrx_word' id='word_1_129' title='bbox 796 2631 865 2685; x_wconf 87' lang='lat' dir='ltr'>aut</span> <span class='ocrx_word' id='word_1_130' title='bbox 878 2637 998 2712; x_wconf 86' lang='lat' dir='ltr'>regno</span> <span class='ocrx_word' id='word_1_131' title='bbox 1023 2622 1266 2709; x_wconf 73' lang='lat' dir='ltr'>expellemus5</span> <span class='ocrx_word' id='word_1_132' title='bbox 1299 2609 1300 2672; x_wconf 43' lang='lat' dir='ltr'>l</span> 
     </span>
     <span class='ocr_line' id='line_1_22' title="bbox 293 2713 1302 2816; baseline -0.012 -24"><span class='ocrx_word' id='word_1_133' title='bbox 293 2747 409 2816; x_wconf 88' lang='lat' dir='ltr'>quam</span> <span class='ocrx_word' id='word_1_134' title='bbox 436 2721 695 2795; x_wconf 87' lang='lat' dir='ltr'>conditionem</span> <span class='ocrx_word' id='word_1_135' title='bbox 719 2718 882 2789; x_wconf 88' lang='lat' dir='ltr'>Hakono</span> <span class='ocrx_word' id='word_1_136' title='bbox 909 2719 1008 2812; x_wconf 84' lang='lat' dir='ltr'>regi,</span> <span class='ocrx_word' id='word_1_137' title='bbox 1055 2716 1268 2792; x_wconf 86' lang='lat' dir='ltr'>Adalsteinis</span> <span class='ocrx_word' id='word_1_138' title='bbox 1299 2713 1302 2800; x_wconf 73' lang='lat' dir='ltr'>l</span> 
     </span>
     <span class='ocr_line' id='line_1_23' title="bbox 204 2817 1266 2919; baseline -0.01 -24"><span class='ocrx_word' id='word_1_139' title='bbox 204 2909 207 2919; x_wconf 17' lang='lat' dir='ltr'>k</span> <span class='ocrx_word' id='word_1_140' title='bbox 237 2820 240 2829; x_wconf 69' lang='grc'><strong>“</strong></span> <span class='ocrx_word' id='word_1_141' title='bbox 292 2826 470 2910; x_wconf 86' lang='lat' dir='ltr'>alumno,</span> <span class='ocrx_word' id='word_1_142' title='bbox 506 2845 596 2892; x_wconf 87' lang='lat' dir='ltr'>cum</span> <span class='ocrx_word' id='word_1_143' title='bbox 621 2820 726 2889; x_wconf 89' lang='lat' dir='ltr'>idern</span> <span class='ocrx_word' id='word_1_144' title='bbox 750 2819 900 2890; x_wconf 84' lang='lat' dir='ltr'>anobis</span> <span class='ocrx_word' id='word_1_145' title='bbox 921 2819 1161 2910; x_wconf 85' lang='lat' dir='ltr'>postularet,</span> <span class='ocrx_word' id='word_1_146' title='bbox 1192 2817 1266 2900; x_wconf 81' lang='lat' dir='ltr'>feci·</span> 
     </span>
     <span class='ocr_line' id='line_1_24' title="bbox 290 2920 1265 3012; baseline -0.01 -18"><span class='ocrx_word' id='word_1_147' title='bbox 290 2948 397 3009; x_wconf 72' lang='lat' dir='ltr'>mus,</span> <span class='ocrx_word' id='word_1_148' title='bbox 421 2922 488 3012; x_wconf 91' lang='lat' dir='ltr'>qui</span> <span class='ocrx_word' id='word_1_149' title='bbox 502 2945 591 2991; x_wconf 88' lang='lat' dir='ltr'>oum</span> <span class='ocrx_word' id='word_1_150' title='bbox 605 2921 886 3009; x_wconf 83' lang='lat' dir='ltr'>obsequentem</span> <span class='ocrx_word' id='word_1_151' title='bbox 899 2941 939 2988; x_wconf 88' lang='lat' dir='ltr'>se</span> <span class='ocrx_word' id='word_1_152' title='bbox 954 2920 1065 2991; x_wconf 90' lang='lat' dir='ltr'>nobis</span> <span class='ocrx_word' id='word_1_153' title='bbox 1079 2924 1265 3012; x_wconf 77' lang='lat' dir='ltr'>praeberet,</span> 
     </span>
     <span class='ocr_line' id='line_1_25' title="bbox 289 3013 1264 3114; baseline -0.008 -20"><span class='ocrx_word' id='word_1_154' title='bbox 289 3025 414 3094; x_wconf 83' lang='lat' dir='ltr'>foedus</span> <span class='ocrx_word' id='word_1_155' title='bbox 431 3025 531 3094; x_wconf 90' lang='lat' dir='ltr'>inter</span> <span class='ocrx_word' id='word_1_156' title='bbox 544 3041 613 3091; x_wconf 86' lang='lat' dir='ltr'>nos</span> <span class='ocrx_word' id='word_1_157' title='bbox 623 3021 726 3112; x_wconf 88' lang='lat' dir='ltr'>pacti</span> <span class='ocrx_word' id='word_1_158' title='bbox 741 3040 886 3108; x_wconf 77' lang='lat' dir='ltr'>eumue,</span> <span class='ocrx_word' id='word_1_159' title='bbox 899 3013 1017 3111; x_wconf 83' lang='lat' dir='ltr'>id&#39;que</span> <span class='ocrx_word' id='word_1_160' title='bbox 1032 3023 1191 3114; x_wconf 90' lang='lat' dir='ltr'>utrique</span> <span class='ocrx_word' id='word_1_161' title='bbox 1206 3019 1264 3088; x_wconf 86' lang='lat' dir='ltr'>sin·</span> 
     </span>
    </p>
   </div>
   <div class='ocr_carea' id='block_1_7' title="bbox 172 3107 1263 3212">
    <p class='ocr_par' dir='ltr' id='par_1_7' title="bbox 172 3107 1263 3212">
     <span class='ocr_line' id='line_1_26' title="bbox 172 3107 1263 3212; baseline -0.011 -15"><span class='ocrx_word' id='word_1_162' title='bbox 172 3107 176 3111; x_wconf 34' lang='lat'><strong><em>⁴</em></strong></span> <span class='ocrx_word' id='word_1_163' title='bbox 274 3127 378 3196; x_wconf 83' lang='lat' dir='ltr'>¹cera</span> <span class='ocrx_word' id='word_1_164' title='bbox 394 3124 725 3212; x_wconf 77' lang='lat' dir='ltr'>fideservavimus.</span> <span class='ocrx_word' id='word_1_165' title='bbox 765 3123 847 3190; x_wconf 90' lang='lat' dir='ltr'>Jam</span> <span class='ocrx_word' id='word_1_166' title='bbox 861 3143 951 3190; x_wconf 86' lang='lat' dir='ltr'>vero</span> <span class='ocrx_word' id='word_1_167' title='bbox 964 3143 1036 3190; x_wconf 91' lang='lat' dir='ltr'>nos</span> <span class='ocrx_word' id='word_1_168' title='bbox 1048 3133 1089 3190; x_wconf 87' lang='lat' dir='ltr'>te</span> <span class='ocrx_word' id='word_1_169' title='bbox 1102 3145 1182 3192; x_wconf 90' lang='lat' dir='ltr'>non</span> <span class='ocrx_word' id='word_1_170' title='bbox 1195 3119 1263 3210; x_wconf 89' lang='lat' dir='ltr'>plu·</span> 
     </span>
    </p>
   </div>
   <div class='ocr_carea' id='block_1_8' title="bbox 291 3221 1261 3314">
    <p class='ocr_par' dir='ltr' id='par_1_8' title="bbox 291 3221 1261 3314">
     <span class='ocr_line' id='line_1_27' title="bbox 291 3221 1261 3314; baseline -0.013 -16"><span class='ocrx_word' id='word_1_171' title='bbox 291 3227 344 3298; x_wconf 85' lang='lat' dir='ltr'>ris</span> <span class='ocrx_word' id='word_1_172' title='bbox 361 3225 535 3312; x_wconf 80' lang='lat' dir='ltr'>facimus,</span> <span class='ocrx_word' id='word_1_173' title='bbox 563 3245 681 3314; x_wconf 88' lang='lat' dir='ltr'>quarn</span> <span class='ocrx_word' id='word_1_174' title='bbox 695 3222 821 3310; x_wconf 87' lang='lat' dir='ltr'>illurn,</span> <span class='ocrx_word' id='word_1_175' title='bbox 848 3244 968 3312; x_wconf 86' lang='lat' dir='ltr'>quare</span> <span class='ocrx_word' id='word_1_176' title='bbox 984 3245 1028 3290; x_wconf 88' lang='lat' dir='ltr'>ea</span> <span class='ocrx_word' id='word_1_177' title='bbox 1046 3222 1122 3293; x_wconf 87' lang='lat' dir='ltr'>tibi</span> <span class='ocrx_word' id='word_1_178' title='bbox 1137 3221 1261 3314; x_wconf 85' lang='lat' dir='ltr'>optima</span> 
     </span>
    </p>
   </div>
   <div class='ocr_carea' id='block_1_9' title="bbox 195 3321 1300 3413">
    <p class='ocr_par' dir='ltr' id='par_1_9' title="bbox 195 3321 1300 3413">
     <span class='ocr_line' id='line_1_28' title="bbox 195 3321 1300 3413; baseline -0.008 -17"><span class='ocrx_word' id='word_1_179' title='bbox 195 3337 197 3346; x_wconf 83' lang='grc'><strong>“</strong></span> <span class='ocrx_word' id='word_1_180' title='bbox 290 3326 410 3395; x_wconf 88' lang='lat' dir='ltr'>fuerit</span> <span class='ocrx_word' id='word_1_181' title='bbox 434 3326 551 3412; x_wconf 85' lang='lat' dir='ltr'>ratio,</span> <span class='ocrx_word' id='word_1_182' title='bbox 584 3337 629 3392; x_wconf 84' lang='lat' dir='ltr'>ut</span> <span class='ocrx_word' id='word_1_183' title='bbox 654 3321 791 3412; x_wconf 84' lang='lat' dir='ltr'>optimi</span> <span class='ocrx_word' id='word_1_184' title='bbox 816 3321 921 3390; x_wconf 88' lang='lat' dir='ltr'>illius</span> <span class='ocrx_word' id='word_1_185' title='bbox 943 3322 1131 3413; x_wconf 85' lang='lat' dir='ltr'>principis</span> <span class='ocrx_word' id='word_1_186' title='bbox 1156 3343 1262 3392; x_wconf 82' lang='lat' dir='ltr'>exem·</span> <span class='ocrx_word' id='word_1_187' title='bbox 1299 3341 1300 3374; x_wconf 67' lang='lat'>1</span> 
     </span>
    </p>
   </div>
   <div class='ocr_carea' id='block_1_10' title="bbox 245 3421 1299 4330">
    <p class='ocr_par' dir='ltr' id='par_1_10' title="bbox 245 3421 1299 4330">
     <span class='ocr_line' id='line_1_29' title="bbox 290 3421 1260 3519; baseline -0.008 -23"><span class='ocrx_word' id='word_1_188' title='bbox 290 3421 615 3518; x_wconf 75' lang='lat' dir='ltr'>plumsequaris.&#39;=&#39;</span> <span class='ocrx_word' id='word_1_189' title='bbox 662 3427 744 3494; x_wconf 82' lang='lat' dir='ltr'>Rex</span> <span class='ocrx_word' id='word_1_190' title='bbox 761 3421 913 3510; x_wconf 74' lang='lat' dir='ltr'>Olenus,</span> <span class='ocrx_word' id='word_1_191' title='bbox 931 3445 1020 3519; x_wconf 80' lang='lat' dir='ltr'>oum</span> <span class='ocrx_word' id='word_1_192' title='bbox 1028 3421 1201 3495; x_wconf 87' lang='lat' dir='ltr'>furorem</span> <span class='ocrx_word' id='word_1_193' title='bbox 1215 3442 1260 3490; x_wconf 79' lang='lat' dir='ltr'>co·</span> 
     </span>
     <span class='ocr_line' id='line_1_30' title="bbox 290 3520 1260 3618; baseline -0.009 -23"><span class='ocrx_word' id='word_1_194' title='bbox 290 3529 474 3611; x_wconf 85' lang='lat' dir='ltr'>lonorurn</span> <span class='ocrx_word' id='word_1_195' title='bbox 489 3521 818 3618; x_wconf 77' lang='lat' dir='ltr'>animadverteret,</span> <span class='ocrx_word' id='word_1_196' title='bbox 831 3520 1053 3614; x_wconf 82' lang='lat' dir='ltr'>intelligens</span> <span class='ocrx_word' id='word_1_197' title='bbox 1066 3537 1260 3594; x_wconf 85' lang='lat' dir='ltr'>tantasesse</span> 
     </span>
     <span class='ocr_line' id='line_1_31' title="bbox 245 3624 1257 3720; baseline -0.007 -24"><span class='ocrx_word' id='word_1_198' title='bbox 245 3671 252 3681; x_wconf 49' lang='grc' dir='ltr'>ι</span> <span class='ocrx_word' id='word_1_199' title='bbox 290 3626 595 3696; x_wconf 85' lang='lat' dir='ltr'>adversariorum</span> <span class='ocrx_word' id='word_1_200' title='bbox 621 3624 763 3713; x_wconf 79' lang='lat' dir='ltr'>copias,</span> <span class='ocrx_word' id='word_1_201' title='bbox 796 3636 842 3690; x_wconf 93' lang='lat' dir='ltr'>ut</span> <span class='ocrx_word' id='word_1_202' title='bbox 856 3624 1129 3696; x_wconf 84' lang='lat' dir='ltr'>resistere&#39;non</span> <span class='ocrx_word' id='word_1_203' title='bbox 1141 3633 1257 3720; x_wconf 79' lang='lat' dir='ltr'>posset,</span> 
     </span>
     <span class='ocr_line' id='line_1_32' title="bbox 293 3718 1258 3806; baseline -0.009 -10"><span class='ocrx_word' id='word_1_204' title='bbox 293 3727 507 3806; x_wconf 85' lang='lat' dir='ltr'>orationem</span> <span class='ocrx_word' id='word_1_205' title='bbox 520 3723 566 3794; x_wconf 90' lang='lat' dir='ltr'>ed</span> <span class='ocrx_word' id='word_1_206' title='bbox 578 3718 876 3806; x_wconf 80' lang='lat' dir='ltr'>reconciliandos</span> <span class='ocrx_word' id='word_1_207' title='bbox 889 3724 1120 3794; x_wconf 86' lang='lat' dir='ltr'>colonorum</span> <span class='ocrx_word' id='word_1_208' title='bbox 1135 3725 1258 3796; x_wconf 79' lang='lat' dir='ltr'>animos</span> 
     </span>
     <span class='ocr_line' id='line_1_33' title="bbox 292 3819 1257 3914; baseline -0.009 -16"><span class='ocrx_word' id='word_1_209' title='bbox 292 3821 458 3914; x_wconf 85' lang='lat' dir='ltr'>deflexit,</span> <span class='ocrx_word' id='word_1_210' title='bbox 485 3827 632 3904; x_wconf 75' lang='lat' dir='ltr'>diceus:¹</span> <span class='ocrx_word' id='word_1_211' title='bbox 658 3819 847 3914; x_wconf 77' lang='lat' dir='ltr'>Equidem</span> <span class='ocrx_word' id='word_1_212' title='bbox 863 3823 1012 3895; x_wconf 89' lang='lat' dir='ltr'>bellurn</span> <span class='ocrx_word' id='word_1_213' title='bbox 1029 3846 1122 3896; x_wconf 86' lang='lat' dir='ltr'>eum</span> <span class='ocrx_word' id='word_1_214' title='bbox 1138 3819 1257 3896; x_wconf 88' lang='lat' dir='ltr'>colonis</span> 
     </span>
     <span class='ocr_line' id='line_1_34' title="bbox 291 3925 1299 4020; baseline -0.006 -28"><span class='ocrx_word' id='word_1_215' title='bbox 291 3947 426 4020; x_wconf 83' lang='lat' dir='ltr'>gerere</span> <span class='ocrx_word' id='word_1_216' title='bbox 448 3928 559 4014; x_wconf 79' lang='lat' dir='ltr'>nolo„</span> <span class='ocrx_word' id='word_1_217' title='bbox 611 3945 781 4012; x_wconf 85' lang='lat' dir='ltr'>mernor,</span> <span class='ocrx_word' id='word_1_218' title='bbox 835 3925 1022 4014; x_wconf 84' lang='lat' dir='ltr'>aquibus</span> <span class='ocrx_word' id='word_1_219' title='bbox 1055 3927 1173 3996; x_wconf 88' lang='lat' dir='ltr'>initiis</span> <span class='ocrx_word' id='word_1_220' title='bbox 1196 3941 1253 4004; x_wconf 82' lang='lat' dir='ltr'>vos,</span> <span class='ocrx_word' id='word_1_221' title='bbox 1298 3953 1299 3974; x_wconf 49' lang='lat' dir='ltr'>r</span> 
     </span>
     <span class='ocr_line' id='line_1_35' title="bbox 293 4018 1253 4114; baseline -0.008 -16"><span class='ocrx_word' id='word_1_222' title='bbox 293 4031 329 4098; x_wconf 89' lang='lat' dir='ltr'>T</span> <span class='ocrx_word' id='word_1_223' title='bbox 332 4025 486 4092; x_wconf 85' lang='lat' dir='ltr'>hrandil</span> <span class='ocrx_word' id='word_1_224' title='bbox 515 4036 679 4094; x_wconf 70' lang='lat' dir='ltr'>vestram</span> <span class='ocrx_word' id='word_1_225' title='bbox 689 4023 736 4106; x_wconf 77' lang='lat' dir='ltr'>¹iu</span> <span class='ocrx_word' id='word_1_226' title='bbox 750 4047 813 4092; x_wconf 87' lang='lat' dir='ltr'>me</span> <span class='ocrx_word' id='word_1_227' title='bbox 829 4024 1140 4099; x_wconf 80' lang='lat' dir='ltr'>benevolentiam</span> <span class='ocrx_word' id='word_1_228' title='bbox 1154 4018 1253 4114; x_wconf 66' lang='lat' dir='ltr'>auspi*</span> 
     </span>
     <span class='ocr_line' id='line_1_36' title="bbox 294 4123 1250 4218; baseline -0.009 -19"><span class='ocrx_word' id='word_1_229' title='bbox 294 4125 370 4199; x_wconf 82' lang='lat' dir='ltr'>cati</span> <span class='ocrx_word' id='word_1_230' title='bbox 393 4126 494 4214; x_wconf 84' lang='lat' dir='ltr'>sitis,</span> <span class='ocrx_word' id='word_1_231' title='bbox 535 4148 626 4206; x_wconf 85' lang='lat' dir='ltr'>eum</span> <span class='ocrx_word' id='word_1_232' title='bbox 651 4147 735 4212; x_wconf 85' lang='lat' dir='ltr'>me,</span> <span class='ocrx_word' id='word_1_233' title='bbox 776 4124 955 4217; x_wconf 83' lang='lat' dir='ltr'>ignotum</span> <span class='ocrx_word' id='word_1_234' title='bbox 981 4123 1108 4216; x_wconf 85' lang='lat' dir='ltr'>vobis,</span> <span class='ocrx_word' id='word_1_235' title='bbox 1144 4141 1250 4218; x_wconf 82' lang='lat' dir='ltr'>regent</span> 
     </span>
     <span class='ocr_line' id='line_1_37' title="bbox 293 4223 1250 4330; baseline -0.003 -34"><span class='ocrx_word' id='word_1_236' title='bbox 293 4224 593 4310; x_wconf 73' lang='lat' dir='ltr'>crearistieetod</span> <span class='ocrx_word' id='word_1_237' title='bbox 608 4225 867 4330; x_wconf 66' lang='lat' dir='ltr'>principatum,</span> <span class='ocrx_word' id='word_1_238' title='bbox 887 4223 1010 4314; x_wconf 82' lang='lat' dir='ltr'>hujus</span> <span class='ocrx_word' id='word_1_239' title='bbox 1041 4229 1152 4324; x_wconf 82' lang='lat' dir='ltr'>regni</span> <span class='ocrx_word' id='word_1_240' title='bbox 1168 4240 1250 4296; x_wconf 78' lang='lat' dir='ltr'>evex-</span> 
     </span>
    </p>
   </div>
   <div class='ocr_carea' id='block_1_11' title="bbox 0 0 1319 4678">
    <p class='ocr_par' dir='ltr' id='par_1_11' title="bbox 0 0 1319 4678">
     <span class='ocr_line' id='line_1_38' title="bbox 0 0 1319 4678; baseline 0 0"><span class='ocrx_word' id='word_1_241' title='bbox 0 0 1319 4678; x_wconf 95' lang='lat' dir='ltr'> </span> 
     </span>
    </p>
   </div>
  </div>
 </body>
</html>
