2628 4678
39 393 69 478 o.
88 416 157 482 toa
400 417 674 456 ············
874 396 970 514 Δ253

38 645 159 697 tantur
174 623 346 708 delicias,
372 621 456 691 ideo
477 603 592 707 huius
603 612 743 692 miselli
761 607 888 720 regni,
923 625 1027 716 quod
1075 686 1078 692 .

37 742 265 820 praeae'terna
282 723 515 793 beatitudine
530 723 642 792 nihili
662 739 727 814 est,
750 726 944 794 ancillares
964 751 1028 796 cu·

7 853 9 898 3
38 855 87 898 ras
112 844 149 896 et
167 824 322 918 negotia
352 823 538 914 deponere
563 824 693 907 statui,
733 849 871 916 meque
893 827 1026 918 ipsam,

39 931 89 1000 uti
108 927 228 996 nobili
250 927 334 994 loco
350 941 480 994 natam
498 921 626 1010 decet,
650 921 692 994 in
706 925 921 996 libertatem
947 928 1028 996 vin·

39 1031 176 1115 dicare,
209 1042 248 1095 et
271 1024 446 1116 potestati
472 1023 636 1113 fideique
658 1021 802 1094 domini
825 1027 922 1114 mei,
942 1031 1029 1098 lesu

40 1124 186 1217 Christi,
210 1124 476 1207 committere3
503 1123 605 1216 quod
624 1125 728 1195 idem
751 1127 910 1216 sacient,
932 1130 1057 1216 ,qui-⁸

39 1254 183 1322 cunque
199 1251 262 1296 me
284 1227 391 1315 sequi
407 1227 557 1309 volent3
581 1226 759 1295 omnibus
773 1243 908 1310 tamen
935 1229 1028 1297 libe-

37 1356 119 1400 rum
137 1333 406 1424 integrumque
425 1325 483 1414 sit,
504 1326 544 1394 in
567 1328 689 1418 patria
714 1349 929 1414 remanere,
961 1331 1030 1400 etsi
1084 1418 1087 1427 Ι
1122 1349 1125 1357 ’
1193 1343 1195 1350 “

37 1433 108 1524 ipsa
132 1429 331 1508 discedam.
393 1431 563 1498 Tantum
585 1443 714 1496 autem
735 1431 910 1498 Sunneva
926 1430 1028 1522 apud

39 1555 161 1602 omnes
178 1525 300 1626 gratia·
313 1527 471 1610 valebat,
489 1543 534 1595 ut
551 1535 710 1622 ma'gnus‘
731 1529 936 1601 hominum
955 1553 1026 1600 nu·

38 1658 177 1719 merus,
209 1645 258 1718 et·
271 1627 342 1698 viri
369 1642 407 1695 et
424 1627 602 1719 feminae,¹
620 1651 722 1717 eam,
744 1629 872 1721 patriq'
884 1631 1027 1720 relicta,

37 1736 135 1826 sequi
155 1733 349 1824 tuperent.
403 1728 491 1798 Post
522 1753 565 1797 ea
588 1753 699 1798 naves
722 1731 897 1800 Sunneva
924 1754 1028 1800 com·

38 1850 156 1926 parat,
183 1853 398 1924 magnaque
415 1829 627 1899 multitudo
651 1853 806 1900 cumea
834 1855 872 1918 se
896 1833 1028 1902 itineri

39 1933 205 2026 accingit.
260 1929 387 2002 Parati
404 1927 515 2000 naties
531 1931 704 2018 solvunt,
741 1931 793 2000 ita
810 1933 1027 2019 instructas,
1048 1967 1053 1978 ι

40 2055 75 2106 ut
91 2038 176 2105 velo
197 2048 236 2102 et
261 2031 396 2118 remis,
429 2032 688 2124 gubernaculo
719 2047 757 2100 et
781 2034 1028 2110 armamentis
1120 2107 1132 2120 ‚

41 2149 223 2222 carerent,
256 2131 339 2230 ipsi
357 2155 511 2237 quoque
529 2133 614 2202 telis
635 2145 673 2200 et
703 2133 817 2234 armis
840 2133 1026 2250 destituti3

6 2325 7 2329 Ἰ
41 2263 106 2330 qua
122 2260 163 2310 re
183 2239 358 2302 Sunneva
371 2227 566 2302 testificata
579 2215 651 2321 est²
689 2257 734 2303 se
757 2229 876 2330 magis
902 2231 1027 2304 or'nni·

41 2339 200 2428 potentia
215 2333 276 2404 dei
291 2334 572 2421 omnitenentis,
583 2356 699 2424 quam
708 2332 824 2404 ductu
834 2334 1025 2406 auxiliove

41 2433 374 2532 humano-dretam‚‘
386 2432 486 2502 hoc
476 2434 775 2524 uorsuscepissm
793 2458 873 2504 sese
888 2453 925 2505 et
944 2461 1027 2507 om·

41 2561 96 2608 nes
112 2537 271 2606 comites
291 2535 375 2604 vivo
395 2533 464 2603 deo
481 2534 782 2624 commendavit,
806 2550 956 2629 rogans,
982 2556 1028 2627 ut

41 2639 132 2710 riam
153 2651 397 2721 monstraret,
425 2651 487 2723 et²
515 2657 590 2726 quo
615 2635 834 2726 placuisset,
870 2662 1026 2709 cursum

43 2739 220 2836 dirigeret.
277 2736 425 2808 Deinde
461 2760 530 2830 per
561 2737 682 2806 maria
713 2738 816 2806 ultro
852 2737 1026 2828 citroque

41 2839 177 2928 jactati,
198 2837 375 2924 tandem,
401 2837 470 2906 deo
486 2839 659 2930 iuvante,
693 2837 740 2906 ad
764 2839 904 2908 insulas
928 2845 1025 2910 Nor·
1107 2892 1110 2900 ,

42 2941 169 3033 iegiae,
197 2937 395 3008 meridiem
409 2952 533 3008 versus
552 2938 597 3006 ab
613 2937 725 3008 Stado
746 2939 844 3026 sitas,
861 2963 1025 3031 quarum

43 3041 88 3110 alt
75 3057 149 3144 tera
175 3041 294 3127 Selia,
317 3039 434 3110 altera
452 3041 574 3119 Kinna
603 3041 835 3131 appellatur,
865 3044 1025 3134 appula
1050 3029 1056 3086 ἶ
1093 3047 1096 3052 ’

43 3159 132 3212 runt.
158 3143 258 3212 H'ae
284 3133 416 3210 insulae
436 3141 480 3210 ab
503 3137 640 3208 incolis
664 3153 772 3213 erant
790 3163 937 3252 saeuae,
969 3141 1025 3211 ibi

43 3264 136 3332 iero,
159 3259 203 3312 ut
220 3243 261 3310 in
277 3241 408 3310 insulis
426 3240 694 3310 remotioribus
707 3230 804 3309 fere'
812 3265 884 3312 usu
908 3243 1026 3332 venit,

44 3363 167 3432 pecora
181 3343 395 3418 incolarum
416 3341 642 3413 continentis
654 3343 922 3432 pascebantur,
932 3367 1026 3414 nam

45 3465 118 3530 pars
130 3443 369 3532 continentis,
385 3423 629 3512 exadversum
644 3441 795 3514 insulas
792 3445 1026 3528 versusinte

46 3541 160 3633 riora,
183 3544 396 3641 frequentes
411 3563 524 3640 pagos
548 3543 719 3612 habebat.
781 3543 991 3612 Sunneva
982 3567 1025 3618 m

46 3641 172 3732 Seljam
194 3663 338 3740 egressa
354 3660 408 3714 est
418 3660 484 3734 ‚et
498 3666 654 3714 suorum
672 3659 861 3734 quotquot
875 3653 919 3713 eo
947 3645 1030 3715 loci·

46 3748 267 3836 appulerant.
302 3750 412 3816 ¹Erat
431 3768 541 3816 rnons
572 3745 614 3812 1ιι
639 3745 868 3815 occidentali
899 3746 1024 3816 insula

48 3842 261 3936 altissimus,
286 3847 404 3917 antris
436 3846 669 3938 rupibusque
694 3847 888 3932 maximisa
922 3846 1023 3936 heic,

47 3941 122 4014 loco
135 3949 178 4018 ad
198 3947 430 4044 manendum
451 3961 603 4040 parato,
638 3943 744 4016 antra
767 3948 1024 4040 incoluerunt,

49 4042 221 4162 inquibus
247 4052 364 4142 longo
383 4064 579 4141 tempore
575 4051 807 4120 :commorati
829 4048 977 4120 deum
966 4071 1025 4116 ιιι·

50 4142 136 4234 signi
148 4149 293 4240 pietate
290 4166 328 4220 et
343 4148 550 4242 multiplici
562 4150 792 4236 continentia
808 4149 1024 4238 coluerunt,
1050 4211 1068 4232 ,

53 4242 193 4332 piscibus
217 4267 261 4321 ex
283 4252 443 4322 ‘lacubus
471 4251 589 4345 captis
614 4253 733 4323 vitam
746 4296 748 4302 ·
762 4263 1023 4322 sustentantes
