2640 4682
357 376 447 466 120
603 343 1005 468 .....-4--.....
1164 391 1263 462 uo.

289 616 418 692 xerat,
443 598 550 673 brevi
565 611 831 692 postmortem
858 599 941 688 eius
971 611 1099 692 nupta·
1122 607 1178 666 est
1190 593 1268 680 viro,

290 704 447 787 nomine
462 701 634 794 ‹Sigurdo
666 697 752 793 Syri
780 699 960 792 (porcae),
990 700 1074 795 ‚qui
1105 721 1174 766 rex
1203 708 1270 763 erat

289 801 557 894 Hringarikiae.
611 801 883 892 RexSigurdus
893 801 963 890 Syr
972 798 1075 881 filius
1089 793 1270 884 eratHalf-

292 901 399 986 dani,
433 901 504 972 filii
518 895 683 988 'Sigurdi
699 896 836 984 Hrisii,
862 897 934 966 filii
958 896 1122 982 Haraldi
1144 894 1270 985 pulcri·

292 995 405 1066 comi.
468 994 629 1088 Olavus,
663 995 766 1065 filius
789 999 890 1090 regis
910 996 1070 1068 Haraldi
1084 995 1270 1066 Groenlan·

291 1096 367 1166 dici
389 1101 418 1167 Sc
442 1100 564 1184 Astae,
589 1095 632 1166 in
645 1096 814 1188 pueritia
829 1097 1012 1168 educatus
1033 1111 1092 1166 est
1106 1095 1208 1186 apud
1227 1095 1270 1162 Si·

291 1197 460 1292 gurdum
486 1217 639 1289 regem,
676 1195 862 1269 vitricum.
881 1221 1013 1286 suum,
1057 1210 1098 1266 et
1121 1208 1273 1264 matrem

290 1303 423 1369 Astam
439 1298 482 1367 in
496 1297 754 1398 Hringarikia.
808 1301 891 1369 Hac
916 1298 1050 1366 eedem
1063 1297 1194 1364 hieme
1215 1315 1273 1362 rex

291 1399 433 1472 Olavus
449 1399 635 1492 Tryggvii
652 1398 775 1488 filius,
798 1398 934 1471 relicta
948 1398 1077 1485 Vikia,
1110 1397 1155 1464 in
1168 1396 1272 1466 Hrin-

290 1499 478 1592 garikiam
514 1497 730 1589 profectuS,
773 1499 1003 1591 religionem
1034 1497 1273 1566 christianam
1314 1527 1315 1530 ¹

289 1597 532 1691 praedicavit;
558 1612 643 1668 tum
661 1597 901 1689 baptismum
925 1599 1044 1670 subiit
1058 1622 1127 1668 rex
1154 1597 1274 1688 Sigar-

291 1701 361 1768 dus
379 1701 456 1792 Syr
476 1722 652 1790 uxorque
675 1703 783 1786 Asta,
818 1699 914 1780 item
940 1699 1058 1788 hujus
1075 1698 1179 1776 filius
1196 1699 1273 1766 Ola-

289 1823 378 1888 vus,
405 1815 491 1868 tum
514 1815 590 1869 tres
610 1823 726 1868 annos
743 1814 871 1886 natus,
898 1799 979 1890 ipse
997 1823 1087 1884 vero
1109 1822 1178 1868 rex
1196 1797 1273 1866 Ola-

289 1923 358 1969 vus
373 1902 490 1969 Olavo
507 1901 664 1972 Haraldi
680 1899 759 1968 filio
776 1899 948 1968 officium
963 1901 1171 1970 lustricum
1187 1921 1274 1990 pre-

289 2001 398 2071 stitit.
458 2006 562 2074 Tum
583 2015 664 2070 tota
682 2001 930 2094 Hringarikia
944 2021 1161 2092 magnaque
1178 2003 1274 2090 Upp-

221 2093 227 2106 ’
288 2102 495 2180 landorum
508 2123 596 2192 pars
613 2102 819 2170 christiana
831 2101 941 2170 facta.
995 2101 1066 2192 Hie
1083 2102 1200 2195 gestis
1214 2121 1272 2167 rex

291 2203 432 2272 olavus
447 2202 589 2274 iterum
601 2201 642 2270 in
657 2202 808 2273 Vikiam
825 2225 1022 2290 reversus,
1038 2201 1093 2270 ibi
1112 2223 1272 2276 commo-

289 2316 395 2372 ratus
414 2317 471 2375 est
484 2295 674 2396 usqueeo',
700 2303 820 2375 donec
835 2303 1025 2372 orientem
1035 2325 1171 2371 versus
1183 2306 1272 2373 Kon-

289 2404 539 2496 ungehellam
564 2401 758 2493 profectus
784 2420 858 2498 est,
891 2416 936 2472 ut
958 2403 1011 2472 ibi
1030 2425 1075 2470 ex
1105 2403 1272 2472 condicto

291 2503 484 2596 Sigridam
502 2504 676 2596 reginam
694 2505 925 2592 conveniret,
951 2503 1272 2594 quemadmodum

288 2604 360 2672 hac
378 2605 505 2674 hieme
525 2602 572 2672 de
597 2605 743 2695 nuptiis
764 2605 864 2674 inter
888 2627 951 2676 eos
970 2604 1179 2696 jungendis
1195 2627 1271 2674 con-

288 2720 454 2782 venerat.
521 2707 577 2778 Eo
598 2705 731 2797 regina
748 2705 895 2797 Sigrida
915 2703 1059 2789 adfuit,
1087 2729 1173 2796 quae
1193 2727 1271 2774 cum

287 2806 330 2874 in
344 2805 444 2896 regis
454 2799 706 2897 ‘colloquium
717 2807 900 2894 venisset,
920 2828 980 2875 res
995 2805 1123 2896 primo
1136 2806 1184 2874 ad
1194 2828 1271 2874 con·

289 2905 457 2976 cordiam
473 2919 510 2972 et
528 2921 713 2978 conventa
729 2905 960 2997 perficienda
978 2919 1157 2996 spectare
1182 2905 1271 2975 vide·
1317 2909 1319 2974 ἱ

286 3007 410 3077 hatur.
464 3010 569 3080 Tum
585 3029 651 3076 rex
664 3008 802 3078 Olavus
819 3007 1008 3099 sigridam
1020 3007 1200 3076 hortatus
1212 3019 1270 3092 est,

288 3121 334 3173 ut
356 3106 591 3196 baptismum
619 3107 784 3196 subiret,
819 3125 1025 3196 veramque
1049 3108 1271 3200 religionem

287 3219 513 3300 acceptaret.
549 3207 715 3296 Reponit
726 3209 809 3276 illa:
835 3231 914 3278 non
932 3209 1107 3304 deseram
1126 3207 1270 3300 religio·
1317 3209 1319 3296 i

286 3329 395 3398 nem,
429 3331 549 3398 quarn
570 3307 771 3400 hucusque
794 3309 912 3376 habui
936 3313 964 3377 &
984 3307 1204 3397 observavi,
1238 3319 1270 3372 et
1318 3311 1319 3318 ’

287 3421 375 3478 ante
390 3431 452 3478 me
472 3407 740 3500 consangvinei
760 3410 859 3490 mei3
885 3431 1011 3500 neque
1029 3409 1265 3492 criminabor,
1318 3401 1319 3444 ³

287 3509 320 3580 si
334 3496 449 3598 quem
465 3509 631 3577 volueris
654 3507 816 3578 deorum
832 3511 945 3582 colas,
998 3510 1152 3602 Quibus
1170 3507 1264 3578 dictis
1318 3511 1319 3546 ⁴

284 3631 352 3680 rex
378 3610 516 3678 Olavus
539 3608 595 3680 ira
618 3623 848 3698 commotus,
883 3609 1146 3680 chirothecam
1170 3631 1262 3678 suam
1318 3679 1319 3692 ,

213 3713 216 3726 '
284 3707 401 3778 nimis
414 3708 698 3799 praecipitanter
713 3709 755 3781 in
772 3709 912 3781 faciem
931 3711 1011 3796 ejus
1027 3710 1203 3804 impegit,
1218 3709 1260 3776 di·
1318 3707 1319 3720 ¹

126 3871 128 3887 ,
242 3809 1258 3903 'cens:putasnerugosoecutisvetula(silicernium),
1318 3871 1319 3876 ,

284 3910 383 3980 velle
398 3933 471 3999 me,
481 3924 520 3980 te
532 3909 775 4000 decrepitam,
785 3911 1022 4002 eandemque
1040 3915 1144 3986 canis
1155 3912 1257 3982 instar

284 4009 477 4088 ethnicam
503 4011 640 4082 ducere
664 4011 847 4086 uxorem?
910 4011 1024 4101 Cave,
1058 4037 1108 4084 ne
1134 4009 1255 4082 hocin

283 4109 456 4178 animum
472 4111 649 4194 inducas;
683 4130 809 4204 neque
822 4136 872 4204 ,eo
892 4113 1057 4185 audaciae
1078 4113 1252 4205 procedas,

170 4279 186 4314 ,Ι
283 4222 328 4276 ut
352 4211 489 4299 saepius
511 4234 653 4284 nomeu
682 4213 828 4284 domini
855 4213 953 4303 mei,
994 4237 1056 4284 me
1079 4216 1251 4296 audiente,
