2764 4680
64 387 158 454 raa.
410 388 685 450 Ξ
868 369 978 458 1239
1085 455 1088 462 .

62 582 171 668 landia
186 619 263 668 non
280 593 363 666 dari
376 593 654 667 contendimus.
709 594 868 683 Kjartan
881 619 1039 690 respon-

63 699 129 768 det:
155 699 247 780 deus
265 711 324 788 te,
350 697 529 768 domine!
557 719 713 768 omnem
728 715 951 768 remuneret
968 700 1037 770 ho-

61 823 198 891 norem,
225 820 302 892 quo
320 823 383 868 me
397 797 558 887 auxisti,
586 821 633 868 ex
658 822 734 890 q,uo
757 798 799 871 in
817 813 927 872 tuam
948 801 1038 872 veni

61 905 289 991 patestatem
323 913 439 991 atque
467 899 584 970 etiam
604 921 709 970 nunc
727 915 869 991 ¹spem,
897 917 935 971 te
959 927 1039 973 non

61 989 1046 1092 11111111111111111111111111’111111111111111111111111111111111111111-Ι
1076 1077 1077 1081 ,
1136 1078 1140 1086 ,

60 1102 150 1172 tendi
166 1103 212 1191 ad
226 1102 398 1171 visendos
415 1101 651 1194 propinquos
669 1115 708 1172 et
729 1102 891 1192 amicos,
920 1129 1040 1197 quam

61 1205 177 1272 ceteris
195 1203 436 1291 hominibus,
474 1225 569 1296 quoe
593 1203 839 1294 aliquantum
853 1206 1040 1298 temporis

59 1305 145 1394 apud
161 1320 198 1374 te
214 1303 427 1398 detinuisti.
480 1303 617 1374 Kalfue
633 1304 802 1396 Asgeiris
821 1305 944 1396 silius,
971 1308 1039 1400 qui

58 1407 281 1492 precedente
316 1411 445 1476 astate
476 1427 611 1475 navem
642 1427 751 1474 suam
777 1405 1036 1496 acKjaitanis,

58 1507 231 1576 mercibus
244 1519 437 1598 onustant,
453 1507 499 1576 ab
511 1506 650 1600 Anglia
668 1507 841 1596 duxerat,
867 1499 1039 1578 hiemem

58 1608 215 1694 proxime
259 1609 426 1698 elapsam
454 1609 496 1678 in
533 1603 722 1700 Norvegia
756 1611 1035 1682 transduxerat.

58 1709 152 1778 Nunc
165 1730 279 1806 vero,
303 1731 394 1777 curn
409 1711 566 1797 Kjartan
581 1708 733 1776 veniam
746 1711 794 1778 ab
811 1731 901 1804 rege
916 1711 1035 1782 Ol'avo

57 1805 89 1874 in
110 1809 320 1890 islandiam¹
336 1809 552 1879 revertendi
563 1809 864 1900 impetraverat,
892 1815 973 1906 ipse
989 1829 1036 1884 at

57 1908 170 1978 Kalsus
193 1909 474 2002 profectionem
514 1933 700 2002 apparare
733 1921 952 2004 coeperunt,
986 1929 1035 2012 xet
1121 1935 1127 1944 ·
1165 2002 1169 2012 ι

57 2029 132 2078 cum
149 2011 254 2080 navis
279 2010 326 2080 ad
343 2010 568 2080 solvendum
590 2013 747 2083 omnino
773 2009 1032 2106 parata-esset,
1077 2041 1079 2048 ·

56 2108 196 2192 Kjartart
213 2111 474 2206 Ingibjargarn
486 2111 598 2202 adiit,
625 2115 728 2206 regis
741 2123 929 2205 sororem,
948 2138 1033 2209 quae
1131 2128 1140 2150 ⁸

56 2231 131 2280 eum
148 2213 308 2282 comiter
327 2213 538 2305 accipiens,
554 2216 684 2286 iocum
701 2216 804 2305 apud
818 2239 876 2304 se,
893 2219 959 2286 ubi
976 2242 1034 2292 se-

55 2309 165 2402 deret,
201 2313 444 2408 designavits
472 2313 650 2387 instituto
678 2315 871 2410 colloquio
882 2329 898 2405 ,‘
927 2321 1033 2406 Kjar-

53 2422 107 2480 tan
121 2413 309 2508 significat
327 2415 457 2501 sejam
478 2416 552 2484 iter
560 2417 600 2486 in
609 2417 816 2501 lelandiarn
827 2421 1029 2509 paravisse.

54 2509 114 2580 Cui
130 2515 368 2630 Ingibjarga:
395 2517 468 2585 hoc
485 2531 523 2585 te
537 2519 680 2612 magis,
710 2519 881 2604 Kjertan!
896 2519 1032 2591 secisse
1112 2569 1115 2576 κ

52 2615 204 2686 arbitror
233 2616 448 2706 pervicac-ia
478 2631 545 2686 tua
577 2633 616 2688 et
646 2619 871 2710 cupiditate,
914 2641 1054 2712 quam'

52 2717 208 2802 quod'ad
220 2717 260 2787 id
273 2718 437 2788 aliorum
453 2718 610 2786 hortatu
622 2719 811 2812 impulsus
825 2723 883 2790 sis.
934 2723 1031 2792 i'nde

50 2811 141 2886 haud
161 2819 427 2912 multa·verba
451 2831 739 2902 conseruerunt.
803 2827 907 2894 Tum
926 2824 1030 2918 ingi-
1126 2819 1131 2826 ’
1203 2815 1213 2834 '

50 2913 168 3014 biarga
186 2943 233 2987 ex
251 2919 391 3013 pyxide
416 2919 597 3010 quadam,
625 2945 709 3012 quae
724 2923 838 3016 juxta
855 2936 939 2992 eam
956 2937 1030 2992 sta-

50 3013 122 3107 bat,
177 3023 376 3091 saeculum
398 3021 673 3115 bombycinum
700 3023 931 3113 depromsit,
966 3026 1031 3094 cui
1066 3031 1071 3045 ”

49 3118 151 3188 mirra
173 3128 212 3208 ¹)
238 3124 362 3192 inerat
388 3121 490 3214 nivei
507 3121 696 3214 candoris,
724 3126 848 3194 multo
863 3148 956 3194 auro
973 3129 1030 3196 in·

48 3227 159 3311 texta,
185 3245 248 3292 res
270 3223 408 3314 oppido
433 3223 727 3315 pretiosissima,
754 3225 909 3298 mitram
929 3228 1032 3296 hanc

48 3317 210 3404 Kjarteni
227 3323 334 3392 dono
352 3323 477 3412 dedit,
502 3325 562 3394 his
581 3347 649 3394 usa
670 3325 813 3394 verbis:
841 3329 940 3396 han'c
959 3329 1031 3397 mi-

46 3430 138 3492 tram
159 3425 198 3514 2)
224 3425 418 3494 Gudrunae
441 3423 627 3496 Osvifuris
647 3425 733 3494 filiae
753 3427 921 3518 nuptiali
944 3453 1029 3497 mu-

45 3523 121 3591 neri
163 3521 288 3614 dabis,
334 3526 414 3610 ,cui
454 3526 618 3596 nimium
659 3551 778 3617 quam*
819 3530 918 3602 bona
958 3543 1027 3620 est,

46 3640 112 3707 qua
132 3639 250 3716 caput
265 3636 379 3694 su'um
393 3628 532 3712 nubat,
560 3621 707 3704 scilicet
725 3629 1042 3724 conspiciantve-·

44 3717 107 3792 lim
122 3725 282 3799 Islandae
299 3727 471 3816 feminee,
498 3751 577 3800 non
594 3750 700 3798 servo
724 3749 865 3822 genere
884 3743 1028 3828 datam,

42 3885 83 3899 Ὰ-ι

44 3952 71 4024 ¹)
78 3972 145 4010 nrotr
151 3998 159 4026 ,
181 3961 326 4013 secundum
339 3961 444 4040 Eddam
455 3963 561 4018 videtur
577 3981 632 4017 esse
646 3963 789 4016 candidum
807 3964 908 4017 linum:
933 3977 1029 4018 motrur
1083 3981 1086 3989 ·

77 4049 150 4101 deira
165 4053 228 4118 fidvr
247 4055 337 4105 donar
353 4073 381 4104 er
400 4055 498 4108 aarum
519 4058 640 4127 dereptum
650 4055 753 4126 jalda;
781 4053 833 4126 qud
853 4045 1026 4125 eapitegnrerr,

77 4139 126 4190 cir.
143 4144 238 4194 Lexie.
253 4143 322 4196 ihrei
334 4141 385 4196 sub'
397 4163 467 4222 voce
479 4149 580 4219 myrea,·
595 4150 706 4221 formam¹
719 4159 806 4198 aurem
818 4146 895 4211 hujus
909 4151 1027 4220 capite&
1073 4135 1079 4149 i

75 4235 155 4284 minis
165 4233 285 4287 ‘similem
299 4235 381 4289 fuisse
397 4231 492 4307 opinor
505 4237 652 4292 'ferrearum
661 4240 745 4288 tiarae.
768 4237 800 4304 ²)
812 4237 984 4306 cimeliumB.
994 4234 1026 4288 C·
1075 4272 1079 4277 -
