2626 4678
365 403 428 492 30
574 355 936 508 *····,···
1006 411 1011 424 ·
1093 371 1098 385 “
1180 417 1271 490 uic.

302 629 490 718 Kiattant·
505 624 672 721 cogitas,
706 625 841 717 credo,
868 621 1043 698 domine!
1060 631 1061 634 ’
1078 641 1169 695 eum
1180 621 1275 694 fateri

304 753 385 804 non
405 751 615 814 ausurum,
642 728 710 800 sed
722 749 870 817 eccum,
889 727 956 820 qui
973 725 1081 798 dixit.
1124 727 1201 796 Rex
1213 725 1274 792 ait:

177 842 188 866 ·‘
306 845 364 902 est
385 843 430 898 ut
450 843 488 898 te
512 827 683 918 videam,
715 851 842 921 neque
867 828 998 923 exigui
1019 825 1194 918 spiritus,
1215 823 1276 892 tibi

304 952 398 1002 vero
413 953 492 1000 non
510 929 613 1000 dabit
626 928 794 1020 fortuna,
821 943 867 997 ut
880 953 943 998 me
961 929 1167 1020 opprimas.
1215 925 1276 995 sed

305 1033 422 1132 vulgo
438 1031 702 1134 aestimabunt,
730 1044 769 1098 te
789 1030 876 1100 satis
889 1029 932 1102 in
949 1044 989 1098 te
1006 1027 1217 1115 admisisse,
1242 1039 1277 1094 ut

120 1173 123 1184 =
200 1171 207 1177 ·
271 1151 280 1170 ’
305 1155 356 1204 ne
369 1133 500 1226 plures
510 1125 619 1226 reges
631 1127 1199 1216 concrematurumtemineris,
1223 1125 1278 1218 qui

305 1248 345 1302 te
377 1232 542 1302 meliora
564 1232 702 1302 docere
730 1232 861 1302 velint„
916 1229 1121 1300 Cum'vero
1146 1229 1297 1299 crimen.

304 1335 474 1427 ingenue
500 1329 623 1402 lassus
645 1331 714 1419 sis,
744 1355 872 1424 neque
898 1347 1047 1402 certum
1072 1331 1147 1418 sit,
1182 1351 1276 1396 rnen·

303 1449 385 1504 tem
400 1430 510 1503 dictis
533 1431 792 1526 respondisse,
829 1432 953 1524 capite
986 1454 1068 1516 non
1099 1429 1275 1523 plecteris.
1304 1487 1305 1496 ,

304 1531 461 1610 Etenim
492 1533 600 1624 parvi
634 1533 714 1623 est,-
741 1530 883 1602 'minas
916 1531 1072 1624 aequalis
1102 1532 1173 1602 sui
1204 1529 1305 1622 per-³

304 1635 426 1723 ferre,
472 1633 607 1734 adid,
659 1631 776 1726 quod·
795 1633 987 1705 Dominus
1017 1647 1160 1735 noster·
1181 1636 1275 1703 Jesus

123 1755 127 1764 ’
233 1803 238 1812 k
306 1735 504 1824 Christus,
541 1757 609 1806 rex
639 1732 814 1804 omnium
838 1753 997 1827 regum,
1033 1731 1219 1804 innocens
1241 1730 1277 1798 ab

234 1845 241 1850 “
301 1836 382 1908 suis
403 1835 574 1905 inimicis
593 1853 726 1928 passus
750 1847 842 1920 ests
860 1848 989 1925 potest
1014 1854 1174 1927 quoque
1195 1829 1277 1917 fieri,

304 1935 409 2030 quod
423 1949 462 2004 et
475 1935 652 2006 futurum
663 1953 789 2028 spero,
815 1948 861 2003 ut
874 1956 921 2005 eo
935 1935 1172 2006 constantius
1188 1953 1277 2004 sanc·

301 2051 351 2106 tae
366 2034 547 2130 religioni
564 2037 773 2126 adhaereas,
804 2059 889 2129 quo
903 2036 1025 2130 magis
1042 2032 1187 2106 invitus
1206 2051 1277 2103 ean

303 2137 499 2238 professus
519 2136 638 2207 fueris
661 2135 823 2228 aliisque
834 2136 1071 2228 permenius
1084 2135 1276 2215 eiresistis;

183 2317 184 2322 ,
213 2295 245 2328 ,v
301 2239 398 2310 item
423 2237 560 2332 opinor
578 2236 701 2330 (quod
720 2255 878 2329 quoque
896 2236 1027 2330 opto),
1067 2233 1166 2307 fore·
1188 2258 1276 2307 com·
1303 2297 1304 2300 ,

180 2413 182 2416 ,
225 2395 228 2402 s
303 2338 436 2432 plures
453 2325 611 2412 decades
625 2337 877 2432 Islandorum,
895 2340 972 2432 ‘qui
988 2334 1106 2410 iidem
1126 2328 1304 2432 amplisu*

199 2537 203 2544 1
230 2456 235 2462 ’
302 2453 451 2527 tantur,
462 2463 540 2533 quo
557 2439 618 2509 die
631 2439 765 2508 rolens
782 2433 967 2530 baptizari
981 2453 1021 2510 te
1035 2439 1188 2524 siveris,
1206 2459 1273 2530 spe·
1303 2445 1304 2516 i

301 2562 447 2633 roque,
478 2542 516 2611 si*
535 2536 578 2610 in
596 2535 810 2611 islandiam*
823 2537 1036 2630 redieritis,
1070 2554 1230 2633 agnatos
1246 2547 1275 2604 et

11 2636 17 2646 '
78 2616 98 2686 ,⁸
176 2641 187 2655 ²
302 2642 447 2712 amicos
466 2654 612 2711 vestros
627 2639 706 2710 tuis
723 2637 891 2712 ,monitis
915 2663 1028 2720 aures
1049 2641 1304 2732 Praebitumit

260 2771 264 2780 ·
301 2753 365 2811 tot
381 2742 485 2842 enim
501 2765 605 2828 nunc
626 2737 803 2810 homines
823 2759 869 2810 ex
882 2762 930 2825 ¹eat
943 2737 1045 2816 terra
1056 2741 1138 2812 huc
1156 2761 1274 2811 conve·

301 2845 407 2915 nere.
468 2839 652 2935 Praesagit
665 2837 823 2932 quoque
839 2837 1008 2933 animus,
1038 2856 1099 2931 te,
1124 2837 1272 2932 Kjauan,

84 2937 87 2945 ’
181 3020 186 3026 ,
303 2943 467 3014 meliore
481 2939 676 3012 imbutum
691 2937 880 3034 religione
894 2963 919 3012 'e
931 2941 1123 3036 Norregia
1138 2937 1272 3034 nariga-

298 3036 446 3134 ¹turum,
474 3065 590 3136 quam
607 3033 758 3134 quando
776 3039 854 3112 huc
870 3040 1070 3136 appulisti,
1091 3042 1208 3114 Nunc
1221 3059 1272 3110 vos

301 3165 435 3216 omnes
459 3141 585 3215 securi
608 3153 648 3213 et
665 3133 879 3215 incolumes
900 3139 1004 3216 abite
1027 3162 1081 3213 en
1095 3139 1176 3212 hoc
1200 3164 1271 3212 con·

262 3283 264 3287 ·
298 3262 440 3336 ventu,
474 3237 861 3338 quoquorolueritis.
918 3241 1020 3317 Nolo
1034 3261 1103 3314 vos
1117 3237 1193 3313 hac
1208 3243 1271 3312 vice

192 3399 200 3415 .
298 3344 346 3418 ad
361 3342 606 3431 christianam
618 3343 847 3437 religionem
861 3339 1168 3439 amplectendam
1178 3344 1214 3413 ri
1225 3363 1271 3412 co

220 3509 222 3516 ,
261 3434 263 3456 ‘
300 3470 412 3543 gere,
445 3463 535 3517 nam
549 3444 655 3513 vivus
670 3440 780 3533 deus,
814 3443 1001 3515 coelorum
1016 3463 1105 3536 rex,
1136 3456 1270 3538 sponta-

298 3571 423 3626 neum
438 3563 479 3618 et
490 3541 754 3616 voluntarium
767 3546 918 3615 cultum
931 3541 1123 3636 postulatt
1140 3539 1270 3616 nemini
1302 3557 1303 3620 ἶ

299 3671 390 3730 vero
410 3645 466 3718 fas
487 3658 545 3718 est
560 3644 681 3716 invito
706 3639 754 3716 ad
775 3643 858 3732 ejus
886 3641 1050 3738 gloriam
1072 3645 1268 3742 pervenire·
1300 3677 1303 3738 4

226 3793 231 3801 ,
293 3743 432 3819 'Oratio
448 3748 549 3843 regis
573 3744 866 3828 acclamantium
888 3741 1046 3836 favore,
1075 3743 1268 3841 praesertim
1302 3757 1303 3786 ³

299 3839 610 3936 christianorum,
636 3861 794 3940 excepta
808 3855 875 3916 est,
925 3843 1067 3919 Islandi
1081 3847 1266 3932 veronar·

298 3964 447 4038 ranem,
482 3948 574 4040 quid
591 3945 665 4038 ipsi
682 3943 895 4038 videretur,
922 3943 1156 4040 respondere
1168 3935 1266 4036 fusse·

297 4065 402 4120 runt.
437 4053 540 4131 Tum
548 4045 721 4135 Kjartan:
738 4065 901 4143 magnas
915 4046 1001 4139 tibi,
1020 4046 1186 4138 domine,
1209 4063 1265 4116 nos

243 4178 260 4250 '.
298 4169 434 4220 omnes
447 4142 587 4242 islandi
600 4144 741 4241 gratias
752 4151 912 4246 agimus,
935 4147 1045 4243 quod
1062 4147 1263 4237 bonampa·

298 4271 385 4328 cem
397 4247 507 4320 nobis
520 4247 908 4338 concedisssicenim
920 4250 1263 4340 nosiacillimeper·
