2634 4682
35 437 93 506 211
103 438 139 502 c.
391 438 666 528 7······
865 359 988 517 1631

35 667 140 721 suum
154 649 299 722 in'eum
318 647 468 730 emisit3
496 644 648 720 Thorer
660 647 808 720 vibrato
824 649 867 723 in
880 676 1016 726 canem
1089 640 1090 650 ἵ

35 751 174 844 gladio,
208 753 345 844 ingens
369 751 405 820 ei
419 748 557 818 vulnus
572 747 733 838 inflixit,
768 747 903 823 eodem
924 777 1014 825 vero
1060 802 1062 810 .

33 867 222 924 momento
237 869 413 946 gaesuma
427 868 518 940 rege
528 847 709 920 emissum
719 854 788 921 sub
798 853 898 924 alam
911 855 1015 928 Tho-

33 954 118 1021 reris
130 951 363 1044 pervolavit,
387 949 441 1019 ita
454 963 499 1017 ut
511 970 581 1040 per
597 951 764 1022 alterum·
780 955 880 1023 latus
898 964 1015 1046 pane«
1110 1030 1114 1050 Ι

32 1067 153 1126 traret.
207 1052 284 1126 Hic
304 1052 456 1125 Thorer
473 1048 591 1122 vitam
610 1053 758 1143 posuit,
789 1053 924 1147 Vigius
945 1079 1014 1126 au-

13 1147 17 1160 ’
32 1167 104 1224 tem
123 1154 280 1226 saucius
305 1151 351 1222 ad
369 1174 483 1252 nares
497 1153 639 1220 relatus
653 1167 732 1243 est,
759 1154 939 1247 adquam
955 1179 1013 1226 sa-

32 1255 195 1326 nandum
214 1277 284 1324 rex
299 1251 490 1345 optimum
506 1252 701 1322 medicum
719 1255 923 1346 conduxit,
940 1257 1014 1324 sic·
1105 1245 1109 1254 ’

32 1379 98 1444 que
120 1370 275 1426 sanatus
298 1354 423 1444 est1).
484 1354 566 1424 Rex
590 1355 730 1423 Olavus
752 1355 928 1426 omnibus
944 1377 1012 1448 pe-

30 1456 203 1546 tentibus,
223 1456 365 1550 quique
378 1453 746 1548 veramreligionem
756 1457 938 1550 amplecti
946 1480 1012 1528 vo-

30 1556 167 1650 lebant,
195 1577 332 1658 pacem
352 1552 548 1626 concessit.

125 1789 133 1804 .
173 1729 240 1802 De
264 1707 461 1824 supplicio
485 1723 633 1796 Raeti.
649 1725 844 1799 Valentis.

120 1851 211 1946 Cap.
231 1859 305 1924 211.
368 1850 450 1920 Rex
472 1847 612 1918 Olavue
638 1870 728 1918 cum
746 1870 816 1919 suo
838 1850 1011 1924 exercitu

28 1951 175 2024 boream
197 1973 329 2021 versus
346 1948 476 2018 littora
493 1949 646 2042 legent,
675 1971 902 2043 quacunque
919 1952 1008 2042 iret,

29 2052 161 2126 incolas
187 2073 321 2122 omnes
343 2048 566 2120 christianos
590 2050 766 2120 reddidit.
832 2053 892 2124 Ad
914 2053 1010 2124 salta

28 2153 115 2224 tium
145 2152 392 2246 perveniens,
431 2149 559 2221 sinum
581 2150 734 2224 intrare.
750 2153 1009 2245 Raudumque

30 2253 400 2337 convenire13tatuit3
436 2249 503 2320 sed
521 2253 692 2342 procella
714 2253 818 2322 venti
839 2252 1009 2324 insolita·

30 2377 94 2443 que
111 2368 322 2446 tempestas
340 2377 385 2423 ex
401 2352 586 2422 interiore
602 2352 692 2421 sinu
711 2366 818 2422 tanta
834 2353 872 2422 vi
883 2357 1009 2447 spira-

27 2453 98 2544 bat,
118 2470 178 2526 rut
199 2479 267 2525 rex
285 2454 340 2524 ibi
363 2453 555 2548 integram
575 2451 856 2524 hebdomadam
877 2454 919 2526 in
942 2479 1008 2527 an·

29 2558 114 2625 toris
134 2572 272 2646 staret,
310 2554 442 2624 eadem
463 2553 684 2622 vehementi
708 2566 935 2646 tempestate
960 2579 1008 2626 ex

26 2653 198 2728 interiore
215 2658 301 2726 sinu
322 2655 465 2749 jugiter-
486 2667 772 2746 perseverante,
817 2676 906 2725 cum
943 2677 1006 2726 ex-

26 2768 75 2825 tra
105 2758 235 2830 sinum
271 2771 407 2826 ventus
430 2755 587 2826 boream
619 2776 750 2824 versus
786 2757 1006 2846 petentibus

25 2857 202 2930 valentius
222 2857 442 2949 adspiraret.
502 2858 629 2950 Quare
653 2878 721 2924 rex
741 2853 899 2926 boream
923 2879 1006 2926 ver·

26 2979 79 3026 sus
107 2959 155 3028 ad
187 2950 351 3031 Omdam
375 2979 496 3049 usque
525 2956 733 3048 navigavit,
783 2956 851 3026 ubi
886 2958 1005 3030 totius
1049 3047 1053 3054 ι
1109 3044 1114 3060 1

24 3071 123 3129 terrae
142 3061 280 3131 incolae
297 3056 477 3150 religioni
498 3055 712 3126 christiana
726 3077 766 3126 se
781 3057 1003 3148 submisere.

25 3157 149 3234 Postea
163 3177 268 3232 retro
280 3159 482 3230 meridiem
495 3179 626 3228 versus
636 3159 736 3227 flexo
745 3157 897 3247 itinere,
913 3181 1005 3232 cum

25 3280 43 3326 a
56 3262 167 3333 borea
179 3261 337 3332 veniens
352 3258 531 3332 saluium
545 3259 689 3330 intrare
701 3259 829 3346 vellet,
855 3261 1005 3349 procel·

24 3357 54 3427 la
65 3365 206 3458 salique
222 3360 416 3431 aestuantis
426 3359 645 3454 aspergines
656 3382 703 3428 ex
718 3358 901 3430 interiore
916 3359 1005 3431 sinu

24 3461 175 3534 advereae
199 3461 479 3556 incitabantur3
528 3460 679 3552 aliquot
703 3459 759 3528 ibi
779 3473 910 3530 noctes
935 3483 1004 3530 rex
1048 3539 1052 3548 ⁴

25 3567 339 3652 commorabatur,
377 3562 510 3631 eadem
530 3567 781 3651 permanente
798 3574 1004 3651 tempesta·
1035 3639 1037 3644 ¹

24 3672 66 3731 te,
124 3671 228 3740 Tum
251 3664 483 3757 episcopum
499 3660 706 3754 Sigurdum
721 3663 912 3730 allocutus
935 3683 1004 3732 rex

24 3757 276 3860 interrogavit,
311 3761 500 3856 numquid
526 3776 656 3831 contra
681 3761 759 3862 hoc¹
779 3762 926 3835 malum
944 3786 1018 3833 re·-

24 3865 129 3936 medii
145 3864 285 3938 sciret?
321 3863 394 3934 Cui
409 3861 609 3955 episcopus
625 3861 843 3954 respondit,
871 3877 1003 3935 seten-

25 4009 279 4030 Ἣ-
1014 4013 1024 4046 t

11 4055 12 4062 ἵ
28 4074 49 4144 ¹)
61 4077 144 4135 dicun
158 4099 222 4141 veto
240 4079 378 4150 nonnulli,
403 4097 495 4136 canem
509 4101 523 4134 ι
536 4079 719 4151 regendarum
735 4079 840 4137 ostend
858 4099 920 4136 eum
936 4081 1004 4138 Fin·
1037 4117 1040 4125 ·

58 4189 130 4242 num,
148 4179 196 4247 qui
211 4195 273 4230 eum
289 4192 379 4227 sature
391 4165 561 4244 pronds'erat,
578 4185 607 4224 att
619 4183 678 4224 ante
691 4172 817 4243 seriptum
832 4183 879 4239 ert,
898 4168 1003 4225 add-s.

731 4260 807 4334 L2
