2626 4678
186 361 418 452 2⁶26
535 406 541 420 x
650 347 923 460 ...τῳ
1094 383 1266 460 ‚roo

293 584 444 676 deinde,
472 583 612 680 quibus
627 583 752 673 visurn
771 599 845 678 est,
871 584 969 658 aedes
986 583 1060 656 sibi
1078 584 1202 684 faeere
1215 608 1271 658 cu·

210 764 214 778 ι
291 685 500 782 pientinus,
526 687 692 758 donavit.
745 687 821 760 Die
831 685 999 781 quodam
1007 687 1197 776 autumni,
1216 686 1271 755 lae-

291 803 331 858 to
352 795 457 878 aere,
492 800 541 856 ex'
553 787 693 881 oppido
708 787 885 858 homines
903 787 1076 877 exibant,
1110 785 1273 858 influvio

219 885 224 890 ’
290 889 392 964 Nida
423 889 605 958 nataturi.
667 888 780 983 Quod
808 903 899 960 curn
922 887 1069 960 Islandi
1087 887 1271 1000 fiderent,

291 991 450 1078 Kjartan
470 990 644 1059 hortatus
668 1003 745 1078 est,
777 1003 823 1081 ut
852 990 1097 1080 accederent,
1129 986 1273 1059 natandi

197 1087 203 1098 '
291 1103 392 1160 artes
405 1089 686 1184 oppidanorum
698 1089 826 1162 visuri.
868 1089 1135 1179 insanientes,
1161 1111 1273 1160 unum

291 1189 491 1261 hominem
513 1190 884 1280 animadverterunt,
920 1191 1089 1281 emeris,
1112 1189 1273 1284 quiade

286 1306 390 1384 rant,
415 1291 593 1360 omnibus
614 1305 696 1360 arte
716 1291 873 1363 natandi
888 1290 1126 1384 peritiorem.
1179 1296 1273 1364 Tum
1305 1373 1306 1380 ἵ

290 1393 449 1480 Kjartan
461 1391 643 1464 Haifredo
656 1391 797 1462 Ottaris
812 1392 903 1462 silio:
930 1411 1027 1464 num
1039 1389 1198 1487 aggredi
1211 1390 1271 1477 vis,

290 1509 406 1585 atque
433 1498 522 1564 cum
545 1491 619 1583 hoc
633 1492 793 1564 homine
816 1491 981 1566 natando
1008 1491 1181 1564 certare?
1218 1489 1273 1562 cui

289 1593 531 1686 Hallfredus:
557 1593 719 1681 minime
740 1595 935 1688 gentium,
962 1594 1102 1686 inquit,
1128 1591 1161 1662 is
1177 1591 1273 1662 euim
1305 1607 1306 1614 ’

189 1777 192 1782 ,
235 1723 240 1737 ·
290 1709 366 1783 est,
401 1694 464 1764 eui
483 1695 523 1763 in
539 1694 647 1762 nulla
667 1715 709 1762 re
729 1716 866 1786 parem
883 1719 947 1789 me
968 1717 1144 1788 ponam
1176 1697 1272 1766 Tum

287 1797 447 1883 Kjartan
460 1794 627 1866 Bollium
645 1810 854 1892 cognatum
868 1795 1024 1885 affatus,
1049 1792 1206 1887 quaerit,
1229 1815 1285 1860 au·
1304 1843 1306 1866 .

180 1961 188 1970 .
288 1920 378 1968 cum
394 1895 584 1986 oppidano
603 1895 769 1988 experiri
788 1897 899 1985 velit,
928 1897 1021 1988 quid
1032 1893 1200 1966 natando
1218 1917 1271 1962 va·
1304 1891 1306 1958 Ῐ

252 2051 262 2068 ,
286 1998 375 2075 leat.
428 1998 661 2067 Illocontra:
686 1995 781 2066 istoc
794 1996 1094 2080 meae‘facultatis
1104 2019 1185 2065 non
1200 2015 1269 2074 esse
1304 2027 1306 2030 ·

248 2155 252 2161 .
285 2096 412 2170 oredo.
468 2097 542 2165 Cui
552 2098 722 2185 Kjartan:
748 2121 826 2182 pon
843 2098 974 2170 hercle
990 2097 1113 2185 video,
1140 2095 1269 2187 inquit,

166 2281 172 2292 ,
289 2221 365 2289 qua
387 2198 428 2267 in
453 2221 494 2266 re
518 2219 621 2268 nunc
637 2221 677 2266 se
693 2199 863 2288 praebeat
878 2213 1049 2268 vestrum
1064 2197 1268 2266 contentio-

285 2299 548 2384 nisstudium3
577 2319 648 2393 ego
668 2307 757 2368 vero
773 2293 993 2393 aggrediar,
1020 2299 1202 2380 sineuter
1216 2319 1267 2364 ve·

286 2400 544 2492 strumaudeu
596 2398 742 2494 Quibus
754 2400 918 2470 dictisad
936 2421 1112 2488 amnem,
1141 2395 1268 2490 eregi-

240 2511 259 2586 '.
276 2525 359 2572 -one
370 2500 599 2590 natantium,
624 2501 881 2596 progreditur.
934 2501 1267 2588 Kjartancoccinea

185 2677 189 2686 ,
284 2601 418 2672 tunica
441 2601 600 2670 indutus
625 2617 727 2687 erat3
767 2616 892 2690 vestes.
911 2600 1054 2692 raptim
1079 2602 1209 2690 exuit,
1234 2598 1267 2664 in
1302 2645 1304 2696 Ξ

284 2705 433 2776 flumen
447 2725 487 2770 se
505 2701 652 2790 dejicit?
673 2715 713 2774 et
727 2701 826 2791 viro,
854 2702 922 2793 qui
937 2700 1096 2772 natandi
1115 2715 1199 2769 erat
1212 2722 1266 2790 pe
1303 2739 1304 2762 t

210 2840 222 2857 ·
284 2802 510 2892 ritissimus,
536 2802 866 2894 nandoadlapsuS,
892 2818 1048 2894 raptum
1059 2802 1175 2871 undis
1191 2800 1265 2897 sup·
1301 2767 1304 2930 1

283 2903 427 2996 mergit
449 2902 593 2994 diuque
609 2903 679 2972 sub
697 2905 807 2996 aquis
828 2903 992 2991 detinet,
1029 2901 1169 2973 deinde
1187 2900 1265 2972 mis-

155 3025 191 3052 ··
284 2999 708 3097 sum'facit'enrergere.
764 3004 864 3072 Cum
874 3027 964 3072 vero
976 3002 1263 3095 paululaquiete

282 3119 576 3193 serecreassent,
591 3104 804 3195 oppidanus
812 3106 1030 3194 Kjartanem
1038 3104 1264 3194 prehensum

281 3207 324 3276 in
342 3206 461 3275 undas
479 3207 675 3290 deturbat3
709 3205 847 3278 deinde
867 3206 937 3274 sub
955 3228 1054 3296 aqua
1070 3205 1261 3274 urinantur
1301 3255 1302 3260 ,

207 3301 209 3306 ’
280 3299 407 3402 multo
431 3305 597 3395 diutius,
634 3305 750 3398 quam
771 3307 942 3402 Kjartani
958 3306 1205 3374 commodum
1220 3301 1260 3396 ri-

282 3407 455 3494 deretur3
480 3421 566 3476 tum
582 3409 700 3478 altera
710 3408 790 3476 vice
805 3408 961 3476 tandem
972 3422 1189 3500 emergunt,
1213 3404 1258 3472 in·

213 3545 217 3554 ,
280 3523 340 3577 ter
359 3509 441 3578 haec
464 3507 567 3577 nihil
595 3507 776 3596 collocuti
787 3533 800 3604 5¹
836 3510 991 3598 jamque
1013 3507 1176 3579 tertium
1199 3508 1257 3576 flu·

173 3646 178 3657 x
278 3632 373 3680 men
394 3610 580 3700 subeunt,
617 3623 655 3680 et
671 3610 796 3677 multo
819 3609 1035 3678 diutissime
1059 3608 1131 3678 sub
1162 3603 1254 3698 aquis
1300 3617 1301 3630 ¹

278 3723 498 3802 ι’ῐιοτειηωτἰ
511 3723 551 3778 et
563 3711 642 3797 jam
653 3711 810 3795 Kjartan
825 3707 997 3778 dubitare
1013 3708 1141 3800 coepit,
1156 3728 1254 3800 quor·

278 3831 367 3902 sum
380 3809 445 3878 hi'c
461 3809 577 3881 ludus
595 3807 788 3898 eraderet,
821 3833 1023 3901 nunquam
1038 3810 1144 3880 enirn
1159 3810 1198 3878 in
1209 3808 1252 3875 lo·

279 3933 370 3978 cum
397 3931 505 3999 aeque
528 3927 738 4005 angustum
759 3910 955 3980 devenisse
978 3910 1051 3980 sibi
1066 3909 1166 3980 visus
1185 3920 1249 3988 est5
1299 3987 1300 4016 1

189 4078 191 4095 ,
276 4008 435 4078 tandem
452 4033 497 4078 eo
508 4034 567 4079 res
582 4012 698 4100 veuit,
725 4025 769 4080 ut
784 4011 848 4080 hic
856 4013 912 4082 vir
932 4035 1024 4080 eum
1039 4008 1222 4080 missumf
1238 4040 1249 4054 ·

188 4133 190 4142 ’
278 4109 365 4198 ciat,
383 4109 574 4199 quo-facto
592 4127 756 4204 uterque
772 4126 885 4193 ‚terrae
904 4112 1084 4182 adnatant
1100 4123 1249 4183 etvestes

216 4237 220 4254 ¹
277 4209 438 4278 induero
454 4208 656 4306 incipiunt.
708 4212 881 4300 Kiartani
904 4213 1116 4310 oppidanus
1140 4217 1255 4284 etsta·
