2634 4682
61 305 181 430 toto(
413 320 685 420 -'''''-*¹-'·'''''-·:-
766 321 773 334 ·
888 285 971 392 151
1030 283 1035 291 ’

272 527 384 600 Mors
406 529 581 622 Eyvindi
602 529 815 619 Kinnrifca.
885 539 893 551 “

42 665 43 670 1
152 625 334 716 Captet.
388 629 463 698 Sed
486 651 552 715 eo,
591 629 694 698 unde
718 626 885 702 narratio
908 626 1039 698 dever-

59 739 168 815 terat,
215 728 477 813 redeundum,
521 727 657 796 fratres
685 750 826 818 nempe
853 729 1037 820 Halogos,

59 825 261 914 Sigurdum
286 842 324 893 et
341 819 546 914 llaukum,
586 828 738 897 vincula
756 835 799 896 et
822 827 1038 898 custodiam

49 923 159 1014 „olavi
183 925 287 1024 regis
311 927 477 1016 elapsos,
516 925 687 1002 hiemem
714 925 816 1014 apud
837 927 1037 996 Harekum

59 1022 99 1090 de
130 1017 289 1111 ThJotta
315 1026 563 1119 transegisse,
600 1024 809 1094 liberaliter
843 1038 1035 1094 tractatos.

57 1122 197 1194 Accidit
224 1123 284 1194 die
306 1126 475 1215 quodam
506 1125 697 1216 sequentis
722 1117 840 1214 varie,
881 1125 1054 1218 egregias

58 1222 136 1292 coeli
163 1239 415 1339 tempestate,
461 1248 551 1294 cum
579 1225 778 1296 Harekus
788 1225 892 1301 dorni
925 1221 1043 1339 esset,
1148 1227 1151 1234 ’

57 1325 241 1414 plerisque
258 1325 306 1440 dg
371 1325 473 1394 sticis
488 1325 683 1418 digressis,
724 1337 769 1392 ut
790 1349 881 1393 eum
895 1326 1036 1394 tristio

56 1423 101 1491 ris
119 1423 222 1492 domi
238 1427 284 1499 sil
368 1425 630 1511 1distaeder3et
655 1425 788 1494 fratres
799 1440 930 1494 autem
946 1449 1038 1496 eum

57 1547 199 1616 semper
233 1525 402 1599 comitati
437 1541 536 1596 sunt.
590 1531 693 1598 Tum
729 1526 913 1619 Sigurdus
946 1549 1037 1597 eum

56 1623 322 1720 interrogavit,
360 1649 410 1696 an
434 1628 551 1697 vellet
575 1625 635 1694 sui
664 1627 881 1698 oblectandi
911 1627 1038 1720 gratia

58 1726 177 1817 aliquo
203 1727 424 1798 concedere.
480 1728 610 1798 Libuit
633 1726 673 1796 id
698 1726 863 1798 Hareko.
916 1727 1037 1798 Dein·

57 1824 98 1913 de
117 1827 163 1896 ad
176 1827 287 1896 huus
312 1826 601 1917 descendentes,
641 1829 819 1920 cymbam
841 1851 907 1896 sex
933 1841 1036 1895 tran

57 1940 217 1996 strorum
240 1928 455 2014 deducunt,
503 1927 685 2022 Sigurdus
712 1951 734 1996 e
757 1929 884 2010 navali
906 1929 1037 1997 velum

56 2027 192 2118 aliaqve
212 2020 317 2100 navis
333 2044 567 2126 armamenta
585 2029 814 2119 depromsit,
838 2051 922 2119 quoe
938 2050 1036 2142 saepe

55 2127 231 2197 adhibere
249 2113 529 2220 consveverant,
555 2129 624 2199 etsi
642 2129 744 2198 haud
759 2131 898 2219 procul
916 2127 1036 2197 animi

57 2230 515 2320 eausaprollciscerentur.
562 2229 737 2300 Harekus
753 2231 933 2322 cymbam
947 2251 1036 2297 con
1077 2242 1080 2248 '

55 2329 232 2400 scendens
249 2331 554 2424 gubernaculum
569 2328 720 2422 aptavit.
759 2331 872 2423 snut
875 2330 944 2398 dus
961 2329 1035 2398 fra

55 2441 181 2545 terque
203 2431 285 2518 ejus
296 2431 476 2522 panoplia
485 2446 593 2500 erant
606 2427 755 2517 armati,
770 2453 844 2521 qua
858 2429 1036 2500 instructi

55 2531 221 2619 quotidie
230 2529 335 2604 domi
346 2532 446 2650 apud
456 2532 615 2600 herum
606 2555 662 2600 rre
674 2529 777 2599 soliti
791 2545 915 2616 erant,
929 2530 1036 2623 prius

31 2653 32 2660 ¹
54 2652 274 2723 veroquam
289 2633 487 2726 navigium
507 2631 822 2726 conscenderent,
848 2632 1037 2702 nonnulla

1100 559 1125 602 N

54 2735 220 2822 vascula,
254 2735 393 2825 butyro
407 2735 539 2824 plena,
573 2731 886 2824 calathumque
864 2755 962 2823 pane
977 2754 1036 2800 re·
1110 2735 1112 2740 ’

54 2833 217 2923 plenam,
259 2849 298 2901 et
321 2835 521 2926 ingentem
548 2831 737 2902 cerevisiae
762 2855 899 2924 cupam
914 2833 950 2900 ei
965 2831 1034 2902 im-

55 2949 272 3020 posuerunt.
339 2935 516 3005 Harekus
555 2933 701 3019 interea
734 2933 863 3004 sedem
890 2932 963 3001 sibi
994 2930 1040 3001 in

54 3035 172 3127 puppi
190 3035 415 3126 apparabat,
444 3059 577 3126 quare,
605 3033 699 3126 quid
711 3031 846 3102 fratres
863 3045 1033 3126 agerent,
1139 3061 1145 3074 ·

54 3155 127 3202 non
144 3136 421 3206 animadvertit.
476 3134 626 3208 Deinde
641 3158 661 3202 a
674 3134 803 3202 littore
830 3133 1033 3227 remigant,

55 3233 129 3303 leni
145 3251 259 3306 vento
278 3233 421 3305 borea
411 3236 594 3329 spirante,
622 3230 782 3324 mitique
797 3235 912 3319 coelo,
945 3256 1036 3302 cum

55 3357 138 3404 tero
158 3337 263 3408 haud
280 3339 416 3427 procul
436 3339 482 3406 ab
500 3335 738 3409 insularem
760 3348 885 3454 erant,
906 3334 1037 3405 velum
1143 3361 1144 3364 ¹

55 3437 226 3526 tollunt,
251 3438 404 3520 Hareko
420 3425 678 3534 gubernante,
718 3450 833 3528 atque
857 3435 910 3504 sic
929 3435 1036 3504 brevi
1131 3513 1136 3524 ,
1183 3451 1186 3458 “

56 3533 202 3630 longius
233 3539 279 3606 ab
301 3539 426 3607 insula
442 3537 613 3628 provecti
635 3551 734 3606 sunt
786 3535 938 3609 Deinde
960 3534 1036 3608 fra

54 3639 384 3740 tresHarekum,
374 3661 547 3732 mpuppr
535 3638 774 3751 sedentem,
802 3637 1035 3726 accedentes,

57 3746 247 3828 quaerunt,
283 3761 361 3831 quo
373 3739 569 3830 proficisci
591 3737 789 3832 cogitaret.
845 3737 1037 3809 Illesead
1088 3821 1091 3832 ι
1187 3765 1190 3772 ·
1275 3737 1277 3748 ’

57 3841 266 3924 proximam
282 3837 447 3932 insulam
466 3839 739 3908 oblectamenti
753 3838 1036 3934 gratianaviga-
1122 3843 1124 3854 ’

57 3951 184 4016 turum
198 3939 381 4012 ostendit.'
431 3938 762 4036 Sigurdusfatur:
796 3961 855 4010 res
871 3961 1035 4008 nunceo
1098 3936 1103 3945 ’

57 4037 145 4108 loco
159 4056 216 4109 est
233 4041 457 4129 constituta,
500 4039 650 4110 colone!
688 4055 733 4110 ut
754 4041 828 4110 tibi
853 4039 1036 4110 conditio-

57 4129 117 4207 nes
142 4145 349 4211 nonnullae'
368 4143 444 4258 sint
473 4141 677 4234 eligenda,
719 4164 884 4232 quarum
911 4139 1036 4229 prima
1109 4193 1112 4202 .
