2634 4682
35 308 196 474 urso,¹
398 393 725 422 ···········
833 375 960 464 '219

35 599 186 692 mitium
213 594 361 690 equitet
386 593 429 666 in
454 619 589 666 manus
613 593 803 686 hostium,
840 597 908 691 qui
930 621 1023 670 eum

34 701 161 794 priore
176 710 306 771 aestate
318 720 429 768 reum
438 712 685 793 peregerant,
708 698 814 787 prius
832 715 946 790 quam
958 698 1024 772 Gi·
1141 693 1143 698 ’

35 826 100 874 zur
112 824 251 894 pacem
264 799 301 868 ei
310 797 587 869 conciliavisset
597 798 920 891 securitatemque
934 823 1024 914 pac-

34 918 93 974 tus
108 915 228 992 esset.
273 899 440 987 Hjaltio‚
461 895 612 973 Gizuris
614 899 868 994 aliorumque
882 900 1023 972 amico·

27 1027 121 1107 ,rum
148 1002 329 1096 precibus
351 1015 527 1091 exorato,
560 1013 605 1070 ut
626 999 707 1090 ipse
731 1024 820 1072 cum
841 1000 1023 1072 undecim
1076 1087 1078 1096 J

34 1103 121 1174 viris
141 1115 376 1192 remaneret,
405 1103 534 1179 Gizur
539 1123 586 1172 ac
593 1101 758 1183 comites
772 1102 832 1172 sui
843 1102 919 1172 iter
936 1123 1023 1208 per·
1029 1083 1037 1110 ‘
1080 1103 1084 1112 '

35 1207 155 1276 secuti
174 1219 283 1293 sunt,
315 1202 436 1277 donec
459 1204 507 1274 ad
530 1192 811 1274 Vellankatlam
837 1204 1022 1294 (thermas

34 1305 240 1396 ferventes)
268 1303 317 1374 ad
347 1306 474 1378 lacum
499 1292 715 1378 Olfusicum
741 1318 1022 1394 pervenerunt,

35 1407 117 1478 hic
124 1408 245 1482 Gizur
269 1403 451 1486 nuntium
474 1405 521 1476 ad
544 1403 699 1486 comitia
725 1405 850 1494 misit,
876 1419 1022 1518 petens,
1074 1473 1078 1484 ,

36 1523 78 1576 ut
102 1507 219 1580 amici
242 1517 281 1576 et
303 1505 456 1599 cognati
477 1505 560 1594 sui,
593 1527 802 1595 omnesque
825 1506 892 1596 qui
909 1504 954 1574 ab
977 1529 1022 1576 eo

36 1623 131 1680 stare
147 1611 313 1696 vellent,
339 1608 587 1681 convenirent
602 1627 663 1690 se3
697 1608 880 1676 rescierat
902 1599 1022 1698 enim',

37 1709 274 1780 constituisse
287 1707 464 1780 inimicos
480 1706 639 1798 Hjaltii,
666 1729 731 1777 eos
742 1705 899 1780 comitio
907 1707 1033 1796 armis,
1084 1699 1090 1708 “

37 1811 259 1901 prohibere5
287 1831 331 1908 ep
345 1809 465 1903 igitur
483 1829 615 1880 omnes
638 1808 752 1884 amici
770 1821 809 1878 et
825 1807 1023 1880 auxiliato-

36 1911 276 1999 resGizuris„
303 1928 402 2002 quos.
411 1913 548 1982 nuntio
567 1911 773 1998 exciverat,
798 1931 938 2004 magno
951 1931 1023 1978 nu·
1089 1935 1096 1947 ’

38 2035 140 2084 mero
154 2013 401 2098 ,confluxerat
441 2012 509 2103 qui
530 2024 620 2084 ante
640 2009 1022 2104 quamindeequita·
1135 2003 1142 2013 ’

38 2129 138 2205 rent,
172 2113 326 2187 advenit
341 2111 508 2200 Hjaitius
526 2135 623 2204 equo
645 2126 779 2182 vectus
794 2134 883 2182 cum
900 2112 1023 2186 omni.-
1096 2139 1099 2149 ·

38 2213 125 2304 bus,
160 2213 228 2308 qui
254 2237 424 2290 unacum
443 2212 585 2304 ipsein
607 2213 845 2307 Laugardelo
869 2212 1022 2300 restite-

18 2329 135 2402 ,rant
185 2315 304 2388 Gizur
327 2329 367 2395 et
381 2313 550 2402 Hjaltius
569 2337 658 2411 cum
672 2313 791 2405 copiis
817 2309 1024 2386 ordinatim
1052 2339 1053 2348 ¹

39 2415 83 2502 ad
100 2415 255 2489 comitia
271 2417 485 2505 accessere,
509 2414 656 2486 ethnici
672 2429 805 2498 autem
820 2413 1024 2489 confestim

38 2517 211 2608 panoplia
218 2515 398 2610 iqstructi
406 2538 707 2602 concucurrere5
721 2516 893 2608 adeoque
903 2537 1023 2607 prope

39 2616 154 2690 abfuit
167 2632 215 2693 ut
237 2616 508 2712 confligerent„
541 2617 607 2688 sed
628 2615 698 2699 deo
724 2632 883 2688 curante
907 2616 1024 2686 timor

41 2719 197 2790 ethnicis
210 2717 376 2805 injectus
392 2732 465 2807 est,
493 2731 537 2790 ut
551 2718 708 2812 aggredi
720 2741 800 2788 non
814 2717 1022 2801 auderent,

39 2820 117 2888 tuin
141 2819 343 2912 Asgrimus
365 2819 612 2914 Eliidagrimi'
635 2817 753 2908 iilius,
798 2819 953 2892 Gizuris
975 2839 1023 2898 ex

38 2940 161 2991 sorore
179 2933 327 3015 nepos,
362 2929 454 2991 eum
480 2921 638 3035 ejusque
660 2934 851 2990 catervam
871 2919 1022 2988 univer-

41 3039 116 3090 tam
128 3021 374 3104 tabernaculo
390 3042 460 3094 suo
475 3021 644 3114 accepit.
673 3023 831 3092 Postero
848 3019 908 3090 die
919 3039 1023 3109 pres·

39 3117 763 3216 hyterThormodusmissamcecinitin
766 3120 964 3218 Gjebakko
982 3121 1021 3212 1)
1286 3170 1296 3181 ,

41 3219 247 3314 (crepidine
266 3223 393 3294 hiatus
411 3201 711 3318 Almannitgjaae)
730 3201 831 3337 apud
850 3221 1023 3292 taberna·

41 3323 169 3394 culum
190 3324 558 3418 Vestiirdingorumq
592 3338 678 3439 post
695 3324 852 3395 missam
874 3337 1024 3426 septem

41 3421 163 3492 clerici
184 3425 333 3504 solenni
358 3426 601 3500 ornatuad
590 3426 685 3512 Juris
704 3423 859 3498 dicundi
884 3445 1023 3514 rupem
1101 3475 1107 3487 ι
1226 3409 1231 3417 ’

41 3541 294 3615 accesserunt,
343 3527 435 3604 duas
456 3540 654 3620 'gestantes
675 3525 852 3620 ingentes
877 3546 1022 3612 crusec,
1128 3553 1130 3560 ·

42 3625 207 3715 easdem,
247 3647 330 3718 quae
348 3649 452 3698 nunc
475 3627 519 3696 in
539 3627 680 3696 Skardo
706 3625 891 3695 exteriore
919 3639 1021 3712 sunt,

42 3743 197 3810 quarum
221 3728 341 3798 altera
363 3741 550 3801 staturam
577 3715 678 3821 regis
702 3727 810 3798 Olavi
836 3725 1024 3820 Tryggvii

40 3820 121 3914 filii,
159 3824 279 3910 altera
307 3829 445 3916 Hjaltii
474 3829 630 3922 Skeggii
662 3828 734 3896 filii
766 3840 1021 3940 repraesentat.

40 3923 287 4034 Magnetum
309 3930 512 4017 hominum
536 3930 752 4020 frequentia
776 3928 947 4013 ad1u1is
967 3927 1022 3996 di
1103 3931 1105 3936 ’
1196 3977 1201 3984 .

42 4027 159 4096 cundi
161 4053 298 4122 rupem
313 4001 461 4117 aderat,
490 4030 626 4168 deiude
639 4030 768 4100 clerici
780 4029 871 4097 thus
888 4027 1047 4120 prunis·

43 4169 296 4196 *Q*

44 4231 87 4303 ι)ι
88 4241 209 4314 imboldo
227 4234 458 4318 numismatorum)
473 4247 624 4320 crepidine,
647 4247 679 4308 F
