2626 4678
10 399 127 468 1600.
367 358 648 474 -...-....--...“
794 496 807 514 .
878 339 946 476 '27
1004 363 1006 374 ’

10 623 100 680 ture
122 607 278 704 grandis
292 623 332 684 et
348 609 488 682 robore
504 609 735 713 conspicuus,
745 611 856 684 'visus'
872 627 949 705 est,
984 637 1009 690 n
1121 609 1125 628 '

11 735 110 803 quo,
163 713 250 806 quis
278 727 396 804 esset,
433 711 715 808 interrogatus,
752 715 1006 794 nomenedit.

13 809 241 906 oppidanus
266 812 371 884 insit:
405 827 451 884 tu
477 807 636 907 quidem
659 815 778 886 nandi
791 817 890 887 bene
904 817 1008 909 peri-

14 926 79 982 tus
100 930 155 1004 es,
171 913 341 1004 islande!
358 937 455 1016 utrm
471 927 516 983 tu
531 914 578 983 ab
591 916 736 985 caeteris
749 919 894 990 artibus
908 918 1009 1009 pari-

10 1026 72 1086 ter
81 1013 296 1087 instructus
309 1037 360 1106 es,
386 1016 555 1108 atqueab
565 1015 660 1088 ista?
685 1017 1009 1110 Kjartanrespon·

13 1116 98 1186 dett
138 1117 274 1204 nullus
295 1109 420 1186 horier
445 1114 544 1186 mihi
569 1139 672 1186 nunc
695 1139 742 1186 ex
763 1119 858 1206 hac3
891 1134 1009 1213 etque
1087 1152 1091 1160 ·
1196 1153 1198 1160 ·

12 1215 231 1307 sic,credo‚
250 1215 463 1291 detesteris
482 1216 568 1304 erit,
595 1218 1008 1314 quamvisin-meaqui·
1055 1207 1060 1215 ’
1106 1301 1112 1308 ⁴

15 1318 106 1392 dem
120 1317 248 1410 patria
272 1317 315 1388 in
329 1319 475 1388 artibus
494 1316 632 1386 hebitae
644 1311 803 1390 'fuerint
845 1322 1010 1412 Oppida-

14 1441 89 1489 nus
105 1419 179 1489 ait:
213 1417 354 1488 artium
374 1441 495 1514 quam,
510 1416 649 1488 iamam
668 1422 922 1513 consequaris,
941 1423 1009 1492 ali-

16 1533 210 1612 quantum
234 1517 369 1609 refert,
406 1541 495 1589 cum
513 1539 591 1611 quo
615 1518 689 1587 tibi
704 1543 763 1592 res
781 1521 916 1608 fuerit,
944 1538 1011 1592 eut

17 1621 156 1714 quidni
170 1621 334 1714 rogitas,
352 1619 441 1716 *qui
461 1616 597 1688 vocer?
630 1619 788 1706 Kjartan
806 1645 848 1692 se
863 1645 1010 1693 nomen

20 1718 456 1809 ejusnoncuraredixitt
508 1724 612 1793 Tum
623 1719 862 1812 oppidanusg
888 1728 1010 1798 Naetu

20 1839 59 1892 et
67 1825 201 1905 virum
209 1841 289 1913 prae
303 1835 342 1890 te
355 1817 430 1890 fers
446 1820 536 1895 artis
550 1835 772 1914 naturaeque
785 1823 902 1892 ⁴bonis
920 1846 1010 1894 con·

19 1924 214 2016 spicuunr,
240 1937 280 1991 et
295 1939 451 2014 quoque
467 1935 506 1990 te
524 1921 648 2009 ‚nimis
661 1921 875 2014 superbum
889 1923 1009 2017 geris,

19 2048 100 2096 non
116 2023 250 2093 tanren'
263 2045 309 2092 eo
326 2024 453 2110 minus
462 2044 607 2096 nornen
623 2045 766 2114 meum,
793 2038 832 2092 et
841 2041 1013 2116 quocum

21 2117 152 2196 nando
181 2124 400 2214 certaveris,
440 2123 609 2214 aperiam
631 2123 722 2194 tibi:
761 2147 848 2193 sum
871 2124 1025 2202 Olarus¹

23 2219 324 2320 Trygvii'filius,
358 2223 426 2316 qui
440 2246 546 2293 nunc
559 2245 627 2298 rex
645 2223 710 2292 hic
728 2245 855 2294 vocor.
908 2224 1015 2309 Kjar-

23 2343 87 2397 tan
105 2325 209 2400 nihil
222 2325 468 2416 respondens,
493 2325 574 2394 sola
587 2324 719 2394 tunica
734 2325 892 2418 indutiis
909 2326 1013 2394 abiit

24 2433 126 2515 Rex,
158 2425 281 2518 quise
297 2426 466 2496 vestibus
481 2425 563 2512 ja'm
577 2423 771 2514 induerat,
798 2426 1015 2512 Kjartanem

23 2541 195 2616 rerooat,
221 2539 276 2617 et,
302 2532 622 2618 netempropere
638 2526 766 2616 abeat,
791 2527 920 2614 jubet3
946 2527 1015 2596 ille

26 2630 204 2724 gradum,
227 2626 373 2696 tardius
388 2639 543 2714 tamen,
568 2627 712 2697 retulit.
755 2630 837 2700 Rex
852 2627 1016 2719 pallium

26 2728 197 2800 humeris
216 2727 400 2815 detrahit,
427 2726 531 2814 aiens
542 2738 566 2794 τ’
582 2749 663 2796 non
678 2727 760 2798 sine
777 2727 949 2822 amiculo,
967 2725 1016 2794 ad

29 2847 117 2899 tuos
134 2828 296 2918 redibis,
331 2827 398 2920 qui
407 2827 478 2901 [vir
503 2827 598 2896 adeo
616 2825 801 2899 honestus
819 2841 1015 2917 tantaeque
1046 2847 1050 2858 ⁸
1171 2881 1192 2894 „

29 2933 191 3000 fortunae
211 2928 392 3013 videaris3
412 2947 535 3018 quare
548 2927 625 2998 hoc
639 2927 1024 3017 tibi·palliumdona··

30 3033 100 3119 bo,
128 3030 244 3100 velim
264 3050 440 3138 quoque,
466 3041 511 3097 ut
526 3027 632 3120 quod
649 3027 706 3099 rei
727 3049 799 3097 nos
818 3025 936 3098 hodie
957 3027 1019 3096 in·

32 3131 217 3219 tercessit,
240 3129 286 3198 in
300 3129 387 3216 joco
405 3128 596 3204 &ludicro
610 3149 741 3220 ponas,
768 3128 1016 3221 quemadmo-

34 3233 123 3301 dum
140 3232 223 3323 ipse
236 3227 393 3320 faciam,
427 3253 519 3300 nam
531 3251 642 3322 spero
658 3251 802 3320 paucos
817 3229 926 3317 fore,
948 3217 1016 3323 qni

33 3335 102 3402 tibi
123 3330 278 3402 laudem
301 3331 460 3418 natandi
478 3331 697 3419 detrahant,
731 3330 801 3398 etsi
820 3331 863 3400 in
878 3353 921 3400 ea
934 3325 1015 3399 a'rte
1134 3379 1168 3397 -.
1216 3325 1218 3330 ’

35 3457 95 3502 me
121 3455 255 3525 parem
273 3417 454 3502 invenias.
506 3431 681 3528 Kjertan,
713 3429 846 3524 gratiis
867 3432 952 3524 regi
968 3430 1014 3499 de

36 3557 191 3604 munere
208 3533 311 3622 actis,
336 3531 384 3604 ad
400 3553 491 3601 suos
506 3531 624 3621 redit,
636 3611 638 3615 ¹
648 3532 891 3623 palliumque
907 3553 1016 3600 mon·
1046 3609 1063 3617 x

37 3649 142 3724 strat,
177 3658 263 3704 rem
279 3629 415 3726 utique
428 3632 751 3726 pretiosissimam.
793 3632 945 3702 ‹Islandi
958 3632 1016 3702 in-

40 3733 269 3828 dignabundi
283 3733 468 3822 fremere,
503 3732 609 3826 quod
622 3733 783 3823 pallium
797 3733 1015 3826 accepisset,
1129 3796 1132 3805 ,
1182 3800 1184 3810 ,

42 3857 126 3904 eum
144 3859 184 3908 se
207 3834 503 3929 regis'potestati
526 3834 752 3923 subjecisse,
786 3849 902 3925 atque
933 3835 1017 3922 ejus
1060 3840 1062 3846 ’

44 3937 211 4006 amicitiae
235 3958 276 4006 se
302 3934 514 4006 venditasse
531 3933 776 4004 aestimantes.
831 3934 932 4005 Cum
948 3957 1017 4004 au-

43 4045 245 4125 tumnaret,
285 4036 409 4106 acrior
431 4037 747 4128 coelitempestes
770 4036 925 4106 suborta
945 4049 1015 4122 est,
1051 4041 1054 4050 ’

46 4135 669 4232 geluetfrigoribusincidentibus5
687 4149 776 4206 turn
789 4136 1018 4220 ethnicijac·
1048 4137 1053 4144 ’

46 4246 137 4328 tere,
159 4261 240 4310 non
256 4235 421 4332 mirum,
450 4249 723 4333 tempestatem
737 4235 890 4328 saevire,
924 4235 1017 4306 deos
