2640 4682
37 365 155 434 roeo
413 357 687 436 =...·*·...·-
872 351 973 464 135

53 566 178 657 batur,
206 571 309 662 quod
322 573 465 643 Bardus
484 595 610 666 neque
623 573 854 671 religionem
869 575 1038 674 amplec-

52 666 96 750 ti,
109 693 246 761 lneque
258 697 321 744 me
336 675 539 746 convenire
554 679 656 762 vult3
692 678 750 746 bis
769 679 817 748 ad
834 703 926 749 eum
945 681 1037 750 duo-

52 765 168 838 decim
183 772 285 842 viros
306 775 412 862 misi,
437 775 594 854 nemine
612 791 840 848 revertente.
911 781 1037 862 Thor-

49 863 175 952 valdus
186 892 194 933 :
204 889 302 943 num
310 871 451 950 Bardus
467 869 541 937 iste
553 879 746 940 sacrificiis
756 878 963 948 admodum
972 878 1036 947 de-

28 948 144 1030 *ditos
158 966 238 1052 est?
288 972 390 1040 Rex:
417 959 533 1064 iulgo
551 969 738 1059 nesciu‘nt,
766 971 1036 1045 nullumenim

49 1078 101 1130 est
115 1064 252 1138 fanum
273 1070 321 1139 ad
337 1071 469 1154 villam
487 1071 590 1158 ejus3
631 1071 775 1140 Bardus
800 1094 890 1141 vero
917 1073 1033 1166 vulgo

47 1164 130 1232 miri
141 1167 291 1261 ingenii
299 1172 491 1264 habetur,
517 1171 678 1264 ejusque
695 1171 782 1248 vitae
803 1186 916 1246 tenor
936 1186 975 1241 et
996 1195 1034 1242 a*-

48 1265 155 1354 gendi
169 1269 269 1338 ratio
287 1270 507 1348 hominibus
522 1293 661 1368 parum
681 1287 771 1348 nota
787 1286 854 1343 est.
909 1274 1032 1345 Thor-

47 1366 192 1440 valdus:
228 1371 417 1461 equidem,
427 1373 565 1442 lubens
581 1371 757 1450 laetitiam
771 1373 844 1451 tibi
859 1373 1033 1444 reddide-

46 1463 126 1556 rim,
148 1468 322 1540 domine!
349 1495 453 1546 nunc
468 1473 635 1549 Bardum
649 1486 882 1542 conventum
896 1474 980 1563 ibo,
1000 1476 1033 1543 si

47 1564 116 1656 viS,
161 1571 347 1662 quicquid
373 1573 529 1646 demum
548 1573 720 1666 ,insuper
741 1573 842 1642 effici
866 1573 1029 1644 dabitur.

44 1666 119 1738 Rex
140 1669 181 1740 id
200 1695 241 1740 se
259 1675 358 1746 velle
385 1673 633 1750 confirmavit,
697 1675 860 1768 Helgius
884 1674 957 1743 hac
988 1668 1031 1744 re

45 1767 186 1842 laetatus
213 1786 289 1864 est,
323 1775 499 1865 speraris,
526 1775 792 1850 Thorvaldum
810 1796 890 1844 non
908 1777 1031 1870 magis

46 1869 273 1964 rediturum,
307 1898 421 1966 quam
443 1889 607 1964 ceteros,
637 1876 704 1969 qui
723 1877 798 1949 hoc
812 1867 1031 1954 iterysusce·

46 1970 192 2058 pissent.
246 1975 399 2048 Deinde
417 1977 656 2054 Thorvaldus
674 1976 748 2050 iter
762 1976 920 2068 paravit,
937 1991 1031 2066 quot

46 2073 173 2165 vellet,
192 2077 358 2157 *comites
376 2076 448 2152 sibi
469 2077 698 2170 adjungere3
714 2123 715 2128 κ
733 2103 755 2152 a
779 2097 872 2170 rege
889 2078 1028 2163 jussus.

47 2171 276 2246 Thorvaldus
291 2178 515 2268 respondet:
543 2178 752 2272 sigurdum
768 2199 1030 2250 consessorem
1144 2242 1149 2259 ‚

45 2293 168 2346 meum
189 2277 312 2348 fidum
337 2292 375 2347 et
395 2279 542 2349 bonum
571 2279 698 2352 virum
720 2292 898 2372 expertus
929 2300 1038 2368 sum,·

46 2393 153 2460 quare
170 2379 310 2468 velim,
329 2392 382 2454 -ut
397 2379 428 2448 is
447 2403 509 2454 me
527 2379 762 2468 .com.itetur,
791 2401 917 2470 neque
942 2381 1028 2470 plu·

45 2492 115 2561 res5
139 2491 208 2549 tua
223 2480 342 2572 enim,
361 2503 383 2548 o
399 2481 487 2550 rex!
514 2480 647 2572 coeptis
664 2477 859 2572 adspirans
873 2479 1046 2549 fortuna¹

44 2574 122 2660 plus
136 2580 297 2672 valebit,
333 2571 450 2672 quam
462 2581 534 2650 viri
555 2581 713 2675 aliquot,
774 2584 856 2658 Rex
871 2603 1027 2674 respon*-

46 2672 115 2744 det:
140 2701 213 2776 ego
235 2681 359 2774 (sane)
375 2683 682 2758 benevolentiam
697 2702 824 2756 meam
839 2681 947 2752 vobis
964 2681 1028 2749 ad·

44 2772 213 2873 iu'ngem3
240 2781 307 2852 sed
320 2777 473 2856 mittam¹
491 2805 555 2852 vos
565 2781 808 2868 adtolonum
822 2782 1025 2873 quendam,

45 2881 191 2954 nomine
205 2883 412 2972 ijrnem,
439 2883 553 2958 ¹haud
574 2883 711 2978 procu]
737 2883 897 2957 altardo
918 2882 1027 2950 hebi-

45 2986 352 3076 tantemrquem
381 2985 501 3060 talem
527 3007 607 3053 esse
633 2982 780 3073 judico,
826 2982 894 3074 qui
918 2981 1026 3050 vobis
1070 3043 1075 3049 .

46 3078 180 3172 aliquid
206 3084 251 3154 de
276 3085 548 3162 corisvetudine
576 3082 870 3172 Bardireferre,
896 3105 1023 3174 eoque

44 3176 135 3254 viam
153 3199 367 3257 monstrare
388 3185 549 3259 noverit,
597 3183 766 3257 'Deinde
791 3182 954 3276 profecti
979 3183 1030 3253 ad·
1123 3251 1127 3258 .

45 3274 214 3364 Bj'ornem
238 3287 417 3376 veniunt,
457 3285 525 3378 qui
545 3307 608 3359 eos
630 3285 729 3359 bene
754 3284 921 3377 accepit,
955 3285 1024 3352 ubi
1128 3361 1132 3368 ἦ

45 3385 138 3454 novit
154 3387 280 3480 regios
296 3379 377 3458 esse
391 3391 548 3484 legatos,
577 3409 579 3416 ⁴
602 3389 662 3462 De
677 3386 817 3458 aedium
834 3385 1042 3457 rationett-
1134 3380 1139 3396 ⁸
1187 3383 1191 3390 '

47 3489 307 3558 consvetudine
322 3490 434 3562 Bardi
451 3486 693 3575 scitantibus,
712 3487 827 3576 Bj'orn
841 3485 904 3576 ait,
922 3485 1024 3567 miro

45 3587 145 3658 modo
170 3603 231 3658 res
253 3591 334 3678 ejus
356 3579 585 3686 procedere:
621 3588 698 3684 “ibi
719 3588 820 3658 nulli
843 3585 1027 3657 homines

47 3685 407 3784 animadvertuntur,
435 3713 525 3760 cum
545 3695 590 3760 eo
607 3703 768 3783 ventum
785 3702 862 3773 est5
892 3687 1022 3758 omnia

46 3790 161 3862 tamen
181 3793 336 3885 negotio
362 3793 461 3868 bene
487 3805 614 3887 atque.
633 3791 767 3864 ordine
795 3785 1019 3884 geruntur.’'
1104 3820 1106 3824 ·

45 3879 173 3984 Noetu,
208 3915 297 3966 cum
320 3917 453 3970 somno
477 3915 520 3964 se
544 3885 734 3964 dedissent
743 3941 758 3990 ,ι
781 3883 1025 3972 Thorvaldus·
1099 3967 1102 3976 J

47 3993 224 4064 somnians
239 3995 369 4072 videre
387 3995 459 4081 sibi
472 3993 573 4066 visus
589 4007 646 4064 est
658 3994 963 4084 Qlavumregem
973 3989 1021 4060 ad
1135 4019 1143 4032 ’

48 4101 80 4152 ⁸⁰
99 4097 359 4185 accedentem,
384 4093 896 4188 dicentemque·:.,invenies‚
930 4115 1021 4161 curn

50 4205 276 4284 txperrectus
293 4221 437 4268 somno
448 4195 588 4287 fueris,
613 4195 789 4288 adcaput
802 4205 915 4290 tuom
932 4191 1019 4260 lim.
1041 4220 1044 4229 .
1094 4201 1101 4237 ,-
