2680 4678
150 1025 153 1032 ·
202 1055 208 1066 ,
283 991 564 1084 repetiverant,
591 988 811 1064 Eindridius
829 987 919 1060 Ulfo
937 987 1050 1060 dixit:
1080 990 1134 1062 de
1152 1015 1198 1062 re
1221 1005 1280 1066 tue

291 352 439 450 ,2218
637 372 996 418 -··-···
1169 347 1332 438 reso

272 593 353 664 'nes
367 583 484 658 sobrii
500 595 539 656 et
555 581 637 662 sani
653 581 820 674 erimus,
847 581 1014 658 oietioni
1031 581 1113 656 ture
1129 605 1279 678 respon·

282 714 371 764 sum
388 688 498 759 dabo.
558 691 726 780 Vespere
742 705 882 780 magna
898 684 975 758 fuit
994 681 1279 760 convivantium
1332 745 1333 778 ἒ

170 803 174 808 “
283 790 478 875 hilaritas,
502 786 679 890 proxime
701 798 815 858 nocte
832 786 983 878 placido
1000 809 1145 858 somno
1162 791 1278 880 quies

284 893 441 975 cebant,
483 911 597 960 mene
616 909 741 977 vero„
757 886 825 958 ubi
852 887 1030 958 homines
1057 890 1173 960 sedes
1201 911 1278 960 sues

282 1092 324 1164 id
339 1093 466 1164 dicere
486 1090 615 1183 lubet,
643 1089 747 1183 quod
762 1089 921 1178 tuheic,
949 1090 1142 1181 quamdiu
1155 1094 1278 1164 volue·

282 1193 354 1284 ris,
382 1191 555 1264 convivio
579 1190 842 1276 adhibeberis;
880 1213 968 1262 mea
994 1204 1133 1270 autem
1158 1195 1209 1264 ad
1229 1218 1280 1264 re·
1333 1207 1334 1280 t

282 1313 373 1389 gem
394 1291 583 1388 profectio
598 1293 815 1382 differetur,
843 1290 946 1382 quod
958 1286 1210 1374 nihiicausae
1224 1295 1279 1384 sit,
1333 1285 1334 1302 ¹

283 1418 352 1467 cur
366 1397 440 1466 hac
457 1395 539 1466 vice
554 1417 600 1465 eo
616 1393 856 1489 proficiscen
881 1392 947 1490 sed
966 1415 1089 1486 quum
1107 1396 1282 1487 primurn

280 1495 532 1588 postulaverit
545 1495 772 1585 necessitas,
794 1517 889 1564 eum
903 1493 1156 1583 conveniam,
1180 1495 1281 1568 idem

209 1623 240 1661 .·
283 1620 439 1690 quoque
457 1598 562 1670 dorni
573 1597 756 1687 monebo,
782 1607 910 1686 ueq'ue
924 1618 1089 1688 usquam
1111 1621 1181 1668 me
1199 1604 1279 1672 suir
1334 1663 1335 1712 ,

258 1697 439 1790 -ducam,
467 1699 499 1768 si
520 1722 584 1768 me
597 1698 800 1772 conuenire
822 1698 925 1766 volet
949 1711 1036 1784 rex,
1062 1696 1107 1768 id
1126 1722 1279 1791 quoque
1334 1735 1335 1748 ἢ

281 1799 368 1892 regi
396 1791 604 1894 significes,
638 1796 753 1887 licet,
790 1798 973 1868 velletne
996 1798 1081 1884 ejus
1107 1800 1281 1870 amicum

283 1922 384 1989 esse,
411 1901 557 1984 sibene
577 1912 860 1994 mecumegetae
901 1897 1042 1970 Illinc
1059 1899 1185 1972 finem
1207 1903 1280 1970 col·

281 2001 465 2092 loquendi
489 2001 682 2091 fecerunt,
699 2088 701 2091 ·
718 2013 978 2093 ut‘sermoues
998 2021 1141 2078 ¹corum
1157 2002 1280 2072 amice

282 2102 476 2173 cesserint.
530 2103 641 2173 Ulfus
656 2100 880 2190 confestim,
907 2114 951 2170 ut
962 2115 1170 2190 paraverat
1187 2125 1280 2192 sese,

241 2243 246 2265 x
281 2225 330 2272 ex
358 2203 446 2274 sinu
468 2199 761 2292 nevemlduxit,
801 2210 1026 2288 remanente
1054 2202 1280 2292 Eindridi05

279 2303 441 2397 regique
456 2304 651 2386 verissime
669 2303 715 2374 de
734 2303 955 2394 peractione
971 2303 1144 2375 mandati
1162 2319 1206 2376 et
1225 2330 1280 2376 re·

281 2404 431 2495 sponsis
454 2404 645 2478 Eindridii
659 2403 848 2496 e'nposriit.
901 2401 984 2474 Rer‘r
1004 2401 1146 2496 Ulfum
1160 2403 1280 2476 inter*

280 2503 448 2597 rogavit,
486 2505 580 2598 quid
601 2504 648 2576 de
674 2503 846 2576 moribus
868 2502 1059 2576 Eindridii
1087 2505 1281 2597 expiscari

261 2639 264 2648 ·
280 2605 488 2706 potuisset,
526 2629 575 2676 en
592 2606 715 2676 cultui
733 2604 928 2680 sacrificali
945 2603 1154 2677 admodum
1177 2607 1280 2678 dedi-

221 2735 222 2740 *
280 2719 344 2776 tus
369 2706 490 2799 esset?
551 2706 661 2778 Ulfus
683 2705 904 2796 respoudit:¹
923 2727 1052 2795 neque
1074 2726 1147 2800 ego
1164 2709 1278 2798 sensi,

117 2795 121 2804 ’
265 2812 373 2876 'eum
399 2806 604 2882 simulacre
627 2808 771 2895 coiere,
804 2828 932 2898 neque
954 2806 1055 2880 mihi
1073 2808 1280 2900 quisquam

279 2908 320 2980 id
342 2905 469 2977 dicere
499 2907 658 2997 habuit,
688 2908 842 2984 nullum
868 2906 973 2978 enim
1003 2905 1220 2980 delubrum
1240 2913 1278 2981 in

280 3008 372 3080 villa
386 3031 455 3076 sua·
473 3007 609 3080 heheu·
632 3048 637 3062 ›
653 3008 788 3100 Itaque
804 3007 851 3076 ad
865 3008 984 3084 finem
997 3009 1160 3100 propius
1176 3033 1276 3100 sum,

277 3109 336 3179 eit
357 3113 448 3193 re'x3
484 3109 567 3199 ipse
601 3109 694 3200 oum·
723 3109 851 3178 visum
868 3109 944 3178 ibo
967 3107 1004 3200 ¹)
1028 3111 1277 3204 necopinato,

281 3207 594 3301 quandoquidem
616 3231 679 3279 me
704 3209 908 3302 convenire
932 3233 1013 3288 non
1031 3209 1128 3282 vult.
1186 3216 1275 3308 Quae

249 3309 252 3317 '
277 3309 382 3403 regis
402 3311 517 3380 verba
535 3333 625 3379 cum
642 3289 850 3383 audivisset
880 3310 1015 3400 Ulius,
1051 3313 1175 3403 clam,
1214 3314 1277 3406 qui

279 3410 385 3480 sibia
399 3410 535 3482 calceis
551 3409 628 3478 fuit
646 3411 697 3502 2),
711 3409 886 3502 equitem
900 3413 1063 3504 ablegat,
1076 3414 1274 3508 jubetque,

231 3529 233 3534 ·
278 3526 324 3580 ut
347 3535 463 3602 quam
486 3511 710 3582 citatissimo
733 3527 847 3580 cursu
872 3513 1034 3602 equitet,
1061 3514 1276 3588 Eindridio-

276 3635 357 3702 que
368 3626 577 3693 venturum
594 3612 668 3682 cito
680 3601 816 3706 regerit
833 3611 987 3708 indicet.
1039 3616 1124 3686 Rex
1134 3617 1272 3686 Olavus

172 3723 178 3792 ζ
278 3713 358 3780 iter
367 3734 518 3783 summa
535 3713 733 3784 celeritate
749 3712 916 3805 paravit,
949 3727 1069 3784 noctu
1088 3738 1180 3789 cum
1200 3730 1271 3785 tre·

252 3812 401 3888 ‚centis
422 3812 509 3883 viris
525 3813 567 3884 in
579 3814 766 3887 interiora
781 3813 887 3882 sinus
902 3805 1116 3913 navigavit,
1144 3817 1192 3886 ed
1204 3817 1270 3885 vil-

278 3913 356 3982 iam
375 3913 565 3984 Eindridii
589 3915 715 4006 primo
745 3937 859 3984 mene
882 3916 1079 4004 pervenit,
1121 3931 1269 3986 etcum

131 4076 134 4094 ,
279 4013 455 4084 omnibus
470 4016 589 4108 copiis
607 4017 799 4122 extemplo
817 4015 997 4106 escendit.
1029 4015 1131 4089 Cum
1144 4031 1268 4088 autern

295 4139 299 4146 .
783 4145 803 4196 θ
1045 4131 1052 4142 .

282 4227 385 4297 ¹)cuus
397 4249 537 4286 numeroso
549 4235 773 4303 comitem„ndd.
781 4235 836 4308 'Bk
874 4232 1071 4308 ²)'irominem,
1087 4237 1122 4290 B.
1150 4267 1156 4281 ·
