2628 4678
363 376 457 471 240
651 338 953 460 2¹42&
1088 393 1262 459 cauus
1296 345 1297 356 Ν

192 623 196 631 “
296 624 357 680 tes
374 601 587 697 c'ontendit,
617 627 686 699 ego
704 623 796 671 vero
816 623 947 672 somno
965 600 1152 698 evigilavi.
1202 611 1266 701 Dy.

298 727 404 780 nasta
429 712 496 780 ait:
531 710 605 775 hoc
631 704 778 773 somnio
806 701 1006 798 significari
1023 721 1142 798 puto,
1169 708 1268 778 inter

298 799 443 880 fectum
461 831 540 901 esse
557 805 777 891 Eilend'um,
801 803 926 872 filium
941 829 1084 878 meum.
1139 811 1268 880 Karkus
1298 810 1299 898 l

300 913 417 980 altera
443 910 526 978 vice
552 906 800 1004 obdormivit,
830 919 875 972 et
900 919 949 978 ut
965 918 1052 974 ante
1084 909 1268 979 insomniis

181 1081 183 1091 ,
231 1020 235 1026 ’
301 1010 470 1102 agitatus
488 1022 572 1088 est.
601 1012 886 1095 bxperrectum
903 1003 1087 1097 dynasta
1075 1027 1300 1110 mterroga

281 1111 371 1204 ’,νίῑι
396 1111 512 1202 quid'
502 1133 580 1197 Jam
593 1106 815 1176 somniasti?
838 1107 975 1177 Servus
992 1111 1202 1198 respondit·
1228 1113 1300 1178 vi-

301 1219 363 1280 su's
390 1212 495 1280 mibi·
507 1211 609 1277 idem
635 1207 699 1275 ille
723 1207 781 1272 vir
797 1221 854 1276 est
877 1207 1056 1276 deorsum
1072 1211 1269 1282 secuudum

253 1391 256 1399 ¹
300 1313 399 1381 latus
415 1309 556 1380 montis
576 1307 692 1376 rheda
714 1307 824 1394 vehi,
849 1323 887 1378 et
900 1307 948 1374 ad
960 1319 1118 1380 antrum
1138 1298 1269 1380 delatus

190 1500 194 1507 Ι
301 1409 446 1505 alloqui
464 1435 541 1480 me:
570 1407 630 1476 dic
651 1407 877 1498 dynastae,
866 1395 1053 1494 Jamfret'a
1077 1414 1205 1481 omnia
1224 1414 1301 1480 in-

199 1567 202 1574 l
300 1515 574 1588 terclusaesse.
613 1509 790 1596 Satrapa
820 1509 1040 1598 respondet:
1079 1512 1245 1581 adeot
1192 1514 1271 1581 vitae

251 1621 253 1634 “
300 1627 436 1682 nostrae
455 1631 533 1681 non
545 1609 712 1680 multum
726 1629 922 1701 superesse
938 1611 1052 1705 signi
1048 1635 1135 1684 icas

447 1712 623 1796 Edendi,
647 1710 724 1800 filii
749 1712 964 1800 Dynustoe‚
1002 1716 1136 1782 coedes.
1301 1707 1302 1730 ¹

48 1885 54 1893 ,
131 1767 151 1904 Ἰ
259 1773 275 1844 ζ’
342 1795 441 1904 Cap.
461 1821 531 1884 103.
565 1805 656 1882 Po'st
678 1810 820 1880 caedem
845 1809 1025 1882 Thorens
1045 1813 1196 1884 Klakkae
1215 1839 1272 1884 rex

303 1921 442 1988 Olavus
467 1936 554 1982 cum
571 1911 739 2001 quinque
756 1909 879 2006 longis
893 1911 1052 1980 navibus
1079 1915 1205 1984 sinum
1226 1917 1303 1994 in-

301 2033 547 2114 gressus'esm
574 2012 635 2080 cui
654 2011 802 2080 obviam
818 2011 985 2081 tetendit
1011 2035 1057 2080 ex
1081 2015 1170 2085 sinu
1190 2019 1273 2088 inte·
1303 2073 1304 2102 ,

145 2109 150 2118 ¹
247 2191 251 2204 ,
302 2113 623 2202 rioreErlendus,
659 2112 943 2184 liliusHakonis
969 2110 1155 2205 dynastae,
1188 2129 1271 2186 tres¹
1303 2111 1304 2210 l

304 2221 445 2286 ducens
463 2225 597 2297 nauem
621 2222 685 2282 ae‘r
703 2227 782 2281 erat
797 2207 1049 2302 tranquillus,
1081 2241 1199 2308 quase
1221 2241 1304 2286 na

303 2342 366 2387 ves
375 2315 491 2402 brevi
510 2317 611 2403 inter
635 2338 675 2382 se
703 2314 1074 2404 appropinquabant,
1113 2321 1274 2409 utrisque

293 2419 467 2514 ¹invicem
482 2439 526 2482 ex
542 2397 695 2483 adverso
712 2415 994 2518 remigantibus.
1034 2417 1109 2508 Qui
1126 2440 1216 2488 eum
1230 2421 1274 2486 iu·

303 2534 363 2588 ter
381 2541 422 2586 se
438 2517 542 2584 brevi
561 2517 681 2606 spatio
700 2503 893 2602 abessent,
919 2513 1126 2606 Erlendus,
1160 2520 1243 2589 ho'st
1230 2533 1274 2588 tes

249 2614 260 2647 ‘⁶
302 2621 505 2688 adventare
522 2629 648 2704 ratus,
672 2637 786 2684 naves
803 2615 850 2684 ad
866 2616 974 2685 littus
1003 2615 1154 2688 direxit.
1207 2623 1275 2694 Rex

305 2723 457 2804 Olavus,
471 2739 585 2786 naves
602 2717 734 2809 longas
757 2739 802 2783 ex
816 2716 1001 2786 interiore
1011 2719 1106 2788 sinu
1123 2719 1275 2790 ferriad-

226 2832 234 2856 ⁸
270 2881 272 2888 .
303 2841 461 2890 versum
476 2841 515 2885 se
531 2818 783 2907 conspicatus,
804 2809 1275 2906 Hakouem'dynastamad·

302 2936 459 2990 ventare
488 2918 680 3014 cogitavit.
741 2919 1001 2987 Deflectent'es
1027 2918 1158 3010 itaqua
1176 2942 1274 2989 cursu

302 3046 372 3092 rex
395 3039 482 3088 suos
513 3017 915 3102 jussit,incitatissimo
931 3018 1091 3116 remigio
1120 3020 1274 3110 insequi;

304 3146 394 3192 cum
409 3141 500 3186 vero
518 3117 702 3188 Erleudus
722 3141 765 3188 ac
784 3119 843 3188 sui
861 3140 969 3207 paene
987 3134 1138 3194 teriam¹
1157 3124 1276 3215 attige·
1304 3145 1305 3162 ¹

284 3231 408 3310 iant,
433 3240 547 3296 naves
566 3219 606 3286 in
627 3219 718 3288 vada
740 3219 997 3310 impulerunt,
1019 3218 1060 3290 iu
1073 3243 1181 3290 mare
1195 3221 1275 3290 desi·

189 3343 191 3350 ’
301 3324 488 3408 liverunt,
517 3332 563 3386 et
588 3319 714 3387 nando
738 3320 943 3391 interram
972 3319 1129 3390 evadere
1162 3318 1274 3392 conati

304 3438 403 3492 sunt
436 3419 670 3490 Conantibus
686 3419 835 3510 adlapsa
851 3421 1070 3511 supervenit
1085 3422 1192 3490 navis
1202 3423 1274 3490 Ola-

303 3523 340 3592 vi
351 3521 467 3620 regis,
496 3519 561 3611 qui
578 3519 704 3588 videns
724 3520 922 3590 hominem
939 3519 1085 3592 eximiae
1101 3523 1276 3612 pulcritu-

305 3623 402 3692 dinis
426 3635 632 3707 natautam,
661 3636 854 3710 arreptum
870 3621 1118 3717 gubernaculi
1141 3623 1276 3694 clavum

192 3809 194 3821 ,
291 3725 346 3792 ‘in
367 3726 469 3792 bunc
488 3722 686 3790 hominem
704 3722 826 3808 misit,
866 3723 932 3812 qui
962 3724 1060 3792 ictus
1083 3739 1199 3813 caput
1222 3729 1276 3796 Er·

304 3823 426 3910 lendi,
453 3823 523 3890 filii
541 3821 708 3906 Haltpnis
728 3821 912 3915 dynastas,
932 3823 1036 3896 ‘adeo
1063 3823 1209 3915 tetigit,
1243 3832 1275 3900 ut

306 3922 437 3992 uranio
452 3923 498 3990 ad
514 3924 709 3990 cerebrum
726 3923 906 4012 infracto,
937 3937 1104 3994 mortem
1133 3937 1274 4037 oppete-

227 4065 231 4072 ·
304 4039 375 4112 ret
431 4025 570 4092 Olavus
588 4045 630 4090 ac
645 4045 704 4090 sui
693 4023 866 4094 multos
888 4024 944 4094 ibi
965 4022 1144 4092 homines
1172 4025 1274 4092 inter·

304 4102 499 4209 iecerunt,
523 4136 630 4210 parte
648 4124 947 4224 copiarumfugu
962 4123 1157 4222 evadente,
1179 4143 1273 4220 quos·

801 4337 812 4365 l
