2640 4682
339 401 429 493 100
640 321 913 480 -....·-....-.·¹.·.
949 495 957 554 ,
1163 409 1255 481 taso.

278 617 390 702 crum
412 623 524 699 valde
547 608 728 698 ornatum
754 639 857 716 erat,
885 625 1159 722 armillamque
1177 650 1261 698 cras.

1310 611 1312 668 l

278 719 362 802 sam
374 730 418 801 in
435 727 592 800 brachio
607 727 754 798 habuit.
775 779 781 788 .
809 721 964 818 Satrapa
980 749 1145 822 surgens
1160 754 1262 800 annu·
1310 715 1312 736 .

159 857 162 884 ¹
245 835 362 911 „lum
386 827 642 923 apprehendit
663 812 896 920 bischioque
928 829 1040 923 (deae)
1071 831 1262 901 detrahere

279 946 450 1003 conatur.
513 929 602 1002 Visa
619 949 709 1000 vero
725 925 936 1023 Sigmundo
953 924 1010 998 est
1030 953 1198 1023 carpum
1212 932 1262 1002 ad-

278 1035 431 1104 ducere.
483 1028 907 1122 Satrapafaturq'haud
921 1030 1262 1122 propitiamtibise
1311 1049 1312 1052 ’

276 1136 441 1228 praebet,
469 1129 706 1225 'Sigmundel
732 1129 958 1222 nescioquo,
993 1145 1100 1200 ante
1126 1155 1213 1202 cnm
1229 1155 1263 1202 ea

192 1247 200 1274 '·
237 1221 241 1234 ’
276 1237 320 1308 in
336 1233 501 1330 gratiam
515 1230 699 1333 reducere
716 1249 875 1323 queam3
901 1230 1018 1318 hujus
1031 1253 1127 1304 vero
1148 1235 1204 1303 rei
1216 1235 1262 1302 in·
1309 1291 1312 1320 ‚

278 1335 425 1408 dicium
441 1347 520 1422 est,
547 1329 591 1421 si,
617 1351 735 1424 quem
749 1325 904 1401 brechio
927 1342 1061 1428 gestat,
1077 1337 1263 1406 annulum

275 1436 478 1508 nobiscum
487 1427 769 1504 communicare
779 1426 881 1502 velit.
891 1437 993 1505 Tum
1002 1437 1263 1527 satrapa,mul-
1311 1477 1312 1492 .

277 1554 318 1608 to
333 1544 460 1606 sumto
478 1548 636 1628 argento
651 1533 737 1602 etin
751 1550 904 1602 scamno
924 1534 1264 1630 apposito,ipsede-

225 1712 228 1719 ,
275 1635 1264 1729 nu'osein'pavimerrtumprostravitsigmundusani

260 1735 503 1826 ¹madvertit,
532 1733 676 1804 eumin
691 1733 869 1804 lacrimas
884 1731 1050 1822 effundi;
1081 1721 1263 1807 cumve‘io

183 1899 187 1912 ,
276 1835 522 1924 surrexisset,
540 1832 739 1922 ¹annulum
758 1835 1028 1928 apprehendit,
1071 1857 1190 1930 quem
1204 1840 1264 1907 illa

275 1960 395 2010 manu
433 1935 588 2007 dimisit.
646 1933 821 2027 vSatrapa
846 1933 1036 2024 annulum
1060 1939 1263 2033 Sigmundo

275 2034 434 2114 tradidit
451 2053 490 2108 et
502 2035 603 2107 fatus
621 2051 698 2106 est:
725 2037 831 2106 hunc
844 2036 914 2106 tibi
932 2039 1126 2108 annulum
1137 2040 1197 2129 do,
1215 2061 1264 2107 se·

182 2145 209 2206 .'
276 2135 408 2212 cundae
425 2135 589 2240 fqrtunae
607 2137 766 2230 pignus,
790 2141 904 2228 quern¹
927 2140 970 2205 tir
989 2157 1192 2232 nunquam
1209 2141 1263 2210 ab·

111 2288 118 2304 ,
185 2297 187 2302 .
267 2242 453 2328 alienato,
471 2237 572 2331 quod
583 2254 621 2307 et
631 2232 862 2332 Sigmundus
878 2233 1074 2332 pollicitus
1090 2255 1159 2311 est.
1181 2241 1263 2312 Post

172 2419 174 2440 ἲ
230 2393 232 2402 ,
274 2344 358 2413 haec
372 2340 604 2436 Sigmundus
620 2339 668 2408 ad
682 2359 798 2408 naves
821 2352 860 2407 et
881 2357 969 2408 suos
988 2357 1191 2431 reversus,
1226 2341 1264 2410 iu
1309 2381 1310 2430 4

1310 1361 1312 1394 l

1310 1433 1312 1470 l

1306 2327 1311 2362 l

274 2445 399 2515 altum
415 2441 654 2534 provehitur,
675 2440 836 2509 alteram
847 2459 985 2508 navem
998 2444 1262 2514 mercatoriam
1309 2439 1311 2528 ξ

275 2533 488 2638 Si'gmurido
512 2555 692 2634 regente,
728 2536 891 2611 aiteram
912 2541 1089 2614 Thorere
1108 2557 1261 2638 cognato

97 2637 100 2642 ’
202 2687 205 2692 ·
274 2667 355 2715 suo.
409 2645 625 2734 'Antequam
642 2641 886 2734 exNorvegia
902 2641 1122 2744 solvissent,
1144 2643 1262 2714 omnia

273 2737 435 2820 nova'ex
457 2743 622 2837 Faereyis
640 2741 890 2831 resciverant,
920 2729 1108 2812 Ossureni
1118 2743 1262 2838 Hafgri·

274 2843 329 2917 mi
348 2843 494 2934 filium,
522 2863 637 2936 quem
656 2843 861 2937 Thrandus
879 2842 1129 2936 educaverat,
1155 2845 1197 2914 in
1210 2867 1262 2913 ro·
1308 2921 1309 2944 ,

172 2988 175 2992 -
237 3025 246 3038 ³
273 2945 436 3018 bustum
451 2945 578 3014 virum
595 2936 840 3032 adolevisse,
857 2939 1138 3036 patrimonium
1157 2967 1262 3015 suum

250 3080 253 3096 .
274 3049 488 3142 Sudreyam
503 3055 771 3135 recuperasse,
805 3042 1083 3136 dimidiamque
1101 3051 1261 3140 Faereya-

230 3161 235 3170 '
274 3169 364 3218 rum
388 3156 539 3241 partem
561 3163 608 3215 ex
637 3124 745 3236 dquo
778 3163 869 3215 cunt
890 3144 1074 3230 Thrando
1110 3146 1262 3218 admini-

274 3249 468 3320 strandam
480 3245 712 3338 suscepisset
725 3237 1098 3340 eundempraet'erea,
1113 3263 1261 3318 auctore

275 3343 479 3436 Thrando,
506 3346 929 3439 omnespossessioneS,
957 3367 1041 3438 quae
1052 3345 1218 3419 Bresteri
1228 3359 1260 3414 et

251 3445 429 3522 'Beineri
449 3439 622 3533 fu'erant,
647 3463 871 3539 occupasse,
897 3445 1100 3520 dictitante
1122 3452 1258 3524 Thrau-

277 3547 346 3640 do,
386 3569 471 3620 eam
495 3545 608 3618 caedis
632 3563 803 3641 paternae
819 3551 985 3620 multam
999 3545 1123 3620 foret·
1152 3540 1258 3622 Ossur

274 3651 409 3723 villam
432 3643 611 3743 Sudreyae
637 3659 677 3718 et
704 3648 877 3722 Dimune
907 3645 1066 3740 habuit,
1113 3652 1257 3720 tertiam

157 3773 162 3782 ’
262 3747 450 3846 'Skufeyae
461 3777 479 3840 ,⁴
497 3751 565 3822 ubi
580 3745 795 3842 plurimum
811 3749 910 3844 egit,
936 3747 1069 3843 ibique
1089 3753 1212 3822 altum
1225 3759 1257 3817 et

274 3848 430 3923 firmum
450 3851 740 3922 munimentum
759 3845 859 3920 circa
874 3849 1006 3940 villam
1023 3853 1254 3932 excitaverat,

273 3972 366 4024 nam
379 3949 618 4045 Faareyenses
635 3927 875 4041 audiverant,
905 3947 1164 4048 Sigmundum
1179 3953 1256 4023 Bre-

274 4052 384 4140 steris
402 4051 529 4122 filium
543 4064 880 4148 rerumgestarum
894 4051 1016 4146 gloria
1029 4051 1252 4126 inclaruisse.

377 4151 467 4246 Cap.
486 4161 560 4228 185.
612 4155 725 4228 Nunc
750 4149 797 4226 de
815 4151 1029 4250 Sigmundo
1054 4179 1098 4226 ac
1120 4151 1194 4226 suis
1207 4150 1252 4222 di·

179 4276 181 4285 ’
275 4249 461 4340 cendum,
492 4250 535 4322 hi
557 4253 768 4328 commodis
783 4252 908 4328 ventis
924 4255 986 4329 usi
1000 4271 1112 4350 suno,
1143 4257 1252 4330 donec
