2626 4678
281 472 286 482 =
362 414 423 506 10
651 434 925 524 esf-74..-
1173 427 1262 496 15³0.

292 647 463 737 aderant,
489 641 570 734 ubi,
596 639 775 746 svadente
788 635 1008 728 Halliriido,
1034 633 1078 708 se
1098 641 1147 714 ad
1160 635 1266 715 defen·

294 750 614 838 sionem'parant.
677 743 765 816 Gris
789 763 879 811 cum
902 739 979 810 suis
1005 746 1266 832 superveniens
1303 801 1304 808 ,

173 911 176 918 .
295 873 360 922 eos
379 847 569 935 adoritur,
602 845 680 916 illis
703 831 842 938 pulcro
867 855 907 914 et
926 840 1086 924 fortiter*¹
1099 867 1141 915 se
1160 845 1269 916 defen·
1303 833 1304 924 ἶ

249 1027 251 1034 ,
281 947 482 1026 dentibus.
535 953 681 1020 Verum
694 957 826 1017 tamen
843 942 971 1025 evenit
984 944 1088 1035 quod
1102 947 1212 1041 vulgo
1226 945 1269 1014 di·

294 1055 417 1144 citur,
455 1045 699 1120 multitudini
714 1043 849 1130 -resisti
871 1066 950 1113 non
966 1065 1101 1138 posse,-
1120 1047 1269 1117 'isenin
1303 1113 1304 1122 ,

294 1149 497 1228 certamini
506 1148 595 1219 finis
611 1147 699 1236 fuit,
724 1160 770 1216 ut
784 1135 1010 1237 ambocapti
1025 1145 1186 1220 vinculis
1199 1169 1269 1217 con·
1302 1143 1304 1282 1

274 1255 588 1350 stringerentur.
663 1247 751 1322 Gris
784 1258 823 1316 et
857 1244 951 1315 socii
984 1245 1143 1321 vixdum
1170 1269 1269 1341 equos
1303 1283 1304 1346 p

278 1352 612 1441 conscenderant,
661 1371 754 1420 cum
776 1346 863 1418 ille:
906 1345 1104 1438 homines,
1146 1349 1268 1442 inquit,
1301 1385 1304 1482 ,

224 1517 226 1522 ,
293 1457 402 1553 equis
415 1451 673 1541 advehuntur,
699 1460 888 1542 quantum
907 1446 1038 1540 video,
1062 1473 1144 1521 non
1157 1451 1270 1544 pauci·

291 1582 381 1632 ores
395 1555 574 1656 triginta,
605 1573 722 1644 quare
735 1570 871 1619 vereor
885 1559 931 1618 ut
944 1548 1106 1621 victorin
1125 1551 1190 1622 diu
1206 1553 1270 1620 fru-

241 1679 243 1686 ’
291 1681 415 1756 amur.
454 1661 615 1746 Jamque
633 1649 806 1722 admissis
817 1646 925 1742 equis
938 1649 1142 1745 effugiunt,
1157 1655 1269 1724 locum
1301 1660 1302 1664 ’

290 1757 506 1834 defensioni
521 1754 706 1826 idoneum
728 1764 962 1844 quaerentes,
994 1752 1159 1840 trajecto
1175 1774 1269 1824 amne

288 1857 568 1948 Vatnsdaleusi,
597 1855 753 1941 cursum
770 1852 921 1941 sistunt,
949 1874 1024 1944 qua
1041 1855 1196 1947 crepido
1214 1855 1270 1924 flu·
1301 1889 1304 1930 ;;

287 1962 405 2036 minis
421 1960 518 2030 calle
532 1957 796 2030 intersecatur.
864 1953 975 2024 Ottar
997 1976 1154 2028 emnem
1178 1955 1269 2025 adse

287 2063 418 2150 bitur,
452 2057 615 2152 triginta
632 2054 724 2126 viris
740 2049 962 2139 comitatus,
1006 2077 1125 2147 quem
1147 2059 1268 2127 saluta·
1301 2117 1304 2162 a,

287 2178 376 2235 tum
397 2159 488 2256 Gris
504 2157 659 2251 quaerit,
695 2155 789 2248 quid
804 2154 876 2230 sibi
893 2155 988 2226 velit
1008 2168 1141 2226 tantus
1162 2154 1268 2228 homi-
1301 2173 1304 2232 t

286 2288 385 2341 num
410 2257 619 2334 numerus?
670 2255 744 2326 Cui
778 2255 909 2328 Ottarz
954 2254 1022 2326 ubi
1048 2258 1267 2344 Hallfriidus,
1301 2237 1304 2302 i

247 2363 474 2460 scognatns
507 2357 642 2430 meus?
698 2357 806 2430 Gris:
848 2356 1051 2453 colligatus
1087 2374 1165 2451 est,
1205 2380 1267 2430 non

284 2489 377 2537 vero
393 2475 576 2546 necatus,
602 2473 642 2528 et
654 2456 925 2549 quidemjuxta
939 2457 1266 2550 colficulumjacet

285 2566 356 2639 ubi
372 2561 567 2660 congressi
589 2581 732 2634 sumus.
760 2560 919 2628 'Ottam
951 2559 1267 2654 contumeliosein
1302 2625 1303 2630 ,

284 2691 378 2739 eum
400 2664 551 2766 egistis,
576 2662 651 2761 etsi
676 2658 852 2754 quaedam
873 2681 987 2732 causa
1009 2662 1200 2733 subesset:
1230 2681 1267 2730 an

284 2767 341 2840 vis
361 2781 426 2857 tu,
460 2761 570 2838 Gris!
602 2760 701 2855 pati,
745 2774 790 2832 ut
816 2760 899 2830 haec
922 2784 1034 2834 causa
1068 2765 1148 2836 mei
1167 2764 1265 2834 solius

283 2867 444 2942 arbitrio
459 2861 730 2959 permittatur?
771 2861 846 2931 Cui
855 2861 969 2934 Gris:
997 2881 1070 2956 ego
1089 2887 1200 2957 vero,
1223 2863 1268 2932 in·
1302 2875 1303 2964 t

285 2971 382 3066 quit,
408 2968 514 3058 volo,
543 2989 634 3038 cum
646 2963 706 3033 vir
723 2961 776 3034 sis
797 2954 976 3056 spectatu
990 2963 1094 3036 fidei.
1148 2967 1267 3053 Etiam
1302 2969 1303 3022 i

283 3068 593 3167 pacificationem
623 3064 797 3159 stipulati
826 3063 1109 3166 digrediuntur.
1175 3070 1267 3138 otor

285 3196 377 3245 cum
392 3170 470 3254 suis
487 3190 673 3257 reversus,
700 3165 947 3241 Halffriidum
965 3188 1008 3236 ac
1025 3168 1206 3252 comitem
1219 3188 1264 3245 re·

260 3283 263 3290 ’
282 3272 388 3370 perit
405 3284 454 3341 ‘et
475 3259 639 3340 vinculis
669 3267 823 3337 exemit.
889 3268 1001 3337 Ottar
1017 3265 1139 3340 futur:
1177 3261 1264 3338 haud

282 3377 376 3464 ista,
403 3371 583 3466 cognate!
610 3367 798 3461 profectio
815 3368 955 3438 honori
966 3367 1052 3439 fuit.
1108 3369 1264 3444 Affirmat

217 3469 221 3474 ¹
283 3473 528 3561 Halifriidus‚
568 3483 609 3542 et
624 3469 761 3562 quaerit
782 3493 832 3540 an
852 3469 1004 3541 Grisem
1022 3471 1262 3548 convenisset,

230 3654 235 3662 s
285 3576 388 3669 quod
401 3575 593 3646 affirmans
608 3572 737 3661 Ottar,
764 3593 840 3662 qno
858 3583 971 3660 pacto
990 3569 1034 3642 in
1047 3572 1206 3666 gratiam
1217 3591 1263 3638 re·

225 3671 227 3679 '
286 3678 463 3766 diissent,
503 3673 672 3766 exponit
732 3670 982 3756 ,Hallfroduss
1021 3671 1125 3742 nihil
1139 3691 1260 3753 moror,

284 3775 433 3869 inquit,
468 3799 544 3867 quo
561 3788 674 3866 pacto
700 3772 800 3842 hanc
824 3794 910 3843 rem
930 3773 1136 3871 transigas,
1172 3771 1260 3842 dum·
1301 3809 1302 3864 4

284 3876 401 3948 modo
428 3877 515 3947 Gris
536 3876 711 3948 Kolfmna
730 3894 808 3943 non
831 3873 1013 3964 potiatur.
1055 3873 1184 3944 'Idtui
1198 3892 1259 3941 non
1301 3899 1302 3902 ¹

180 4015 186 4020 ·
285 3980 360 4049 erit
374 3976 544 4064 arbitrii,
580 3977 635 4046 ait
648 3976 794 4060 Ottarz*
813 3975 882 4044 iile
906 3973 1116 4046 mulierem
1127 3974 1256 4055 habeto,
1301 3983 1302 4068 ξ

267 4067 380 4183 ἱειιιῑί
400 4077 604 4146 arbitrium
621 4099 716 4146 meae
725 4074 816 4144 fidei
832 4075 1090 4145 commiserit:
1116 4089 1160 4166 tu
1174 4093 1256 4154 vero,

286 4178 464 4271 cognate!
501 4198 663 4269 peregre
684 4177 761 4264 ito,
800 4174 854 4246 ibi
879 4175 1068 4261 majorem
1092 4177 1256 4246 honorem

230 4339 234 4349 .
285 4294 326 4348 et
341 4279 537 4348 tartunam
560 4277 799 4368 quaesiturus.
868 4275 1091 4360 Hallfriidus
1107 4277 1159 4370 ‚ad
1175 4276 1253 4344 hec:
