2626 4678
314 610 440 681 soluta
465 597 546 689 bet,
578 594 626 668 in'
651 614 727 686 qua
750 607 820 660 rex
840 599 878 677 et
888 584 1096 680 episcopus
1112 607 1195 657 rem
1210 583 1289 657 divi-

195 728 200 734 '
315 731 409 784 nam
432 694 774 774 feriis'Jolensibus
801 689 1063 762 administrari
1097 689 1289 780 constitue

302 823 418 884 runt.
442 883 445 888 ,
471 799 601 876 Pridie
617 795 706 866 festi
721 789 1049 876 JolensisKjartan
1072 813 1160 858 suos
1178 792 1289 859 horta-

301 930 377 983 tus
392 921 466 995 est,
501 916 546 972 ut
559 913 678 970 noctu
695 906 894 988 surgentes
914 893 1037 978 aedem
1056 913 1205 959 sacram
1224 905 1289 961 tam

315 1021 438 1108 prope
460 1002 707 1085 accederent,
734 1008 780 1064 ut
800 993 1008 1080 rationem,
1036 1015 1113 1082 qua
1128 993 1289 1060 homines

316 1105 515 1187 christiani
537 1121 659 1172 sacras
682 1095 867 1166 formulas
897 1107 937 1161 et
963 1095 1114 1164 cultum
1142 1093 1215 1160 deo
1234 1115 1289 1160 suo

304 1219 560 1311 praestarent,
595 1201 770 1270 viderent
789 1183 1091 1264 &exaudirents
1126 1193 1291 1283 Complu-

315 1335 377 1389 res
402 1306 544 1400 assensi
570 1315 680 1388 sunt,
719 1321 806 1366 rem
827 1315 976 1389 magnae
996 1295 1206 1385 voluptatis
1224 1295 1294 1362 fore

233 1441 237 1446 ·
319 1415 559 1491 dictitante53
593 1415 713 1486 noctu
730 1400 887 1486 Kjartan
901 1409 941 1464 et
954 1396 1101 1466 Bollius
1115 1398 1295 1486 templum

230 1513 236 1520 ⁸
272 1561 279 1598 ς
317 1519 479 1599 adeunt,
503 1497 922 1595 comitanteHalliredo¹
935 1491 1078 1566 Ottaris
1091 1496 1196 1585 filio,
1210 1499 1295 1564 mul-

314 1623 443 1707 tisque
458 1603 726 1680 aiiislslandis.
761 1599 842 1672 Hic
851 1597 1026 1666 'sonitum
1035 1618 1297 1687 campanarum

286 1755 289 1764 ·
319 1702 550 1802 duicemque
591 1719 749 1774 cautum
782 1699 1029 1788 audiverunt,
1077 1719 1297 1788 suavemque

319 1822 478 1892 odorem
490 1807 615 1879 thuris
633 1801 994 1898 animadverterunt.
1071 1799 1216 1868 Islandi
1231 1822 1297 1868 non

319 1921 426 2018 prius
451 1915 583 1982 domos
605 1929 690 1976 suas
705 1915 968 1988 reverterunt,
996 1922 1114 1990 quam
1132 1899 1297 1990 sequenti

292 2061 299 2068 -
322 2022 383 2094 die
399 2011 487 2108 post
500 2012 656 2094 missam
676 2002 1029 2085 antemeridianam.
1085 2003 1191 2094 Quos
1207 2001 1298 2070 inter

310 2141 453 2214 magna
462 2128 545 2184 orta
555 2123 613 2180 est
622 2103 847 2201 disceptatio
855 2101 1016 2172 demore
1024 2100 1299 2197 rituquechris-

318 2207 515 2294 tianorum
530 2209 754 2294 hominum,
787 2204 872 2278 aliis
886 2201 961 2271 alia
975 2203 1047 2270 hac
1066 2201 1115 2271 de
1132 2219 1177 2272 re
1193 2202 1298 2272 senti-

321 2322 483 2395 entibus.
558 2306 928 2392 Tandeijartan,
967 2301 1061 2398 quid
1087 2302 1135 2376 de
1159 2304 1299 2373 ratione

321 2420 618 2495 christianorum
634 2408 842 2497 judicaret,
864 2405 1144 2497 interrogatus:
1164 2404 1299 2474 mirum

320 2536 530 2618 quantum,
562 2512 706 2607 inquit,
742 2507 997 2582 mihieorum
1019 2503 1118 2573 ritus
1141 2505 1298 2596 placent,

252 2613 255 2616 ’
313 2645 445 2714 eoque
465 2619 573 2710 plus,
608 2635 692 2704 quo¹
706 2608 803 2678 mihi
823 2606 1073 2676 innotescunt
1088 2606 1235 2699 magis,
1267 2617 1299 2673 et

315 2724 420 2810 ¹mihi
435 2719 758 2812 quidemsemper
769 2731 835 2778 rex
853 2707 981 2798 specie
994 2727 1135 2800 magna
1149 2705 1299 2797 promit-

320 2843 404 2896 tere
419 2821 519 2898 ‚visus
539 2829 613 2903 est,
651 2805 767 2880 hodie
788 2821 918 2898 autem
938 2808 1065 2875 vultus
1081 2808 1163 2894 ejus
1185 2809 1298 2876 multo

233 2939 236 2948 “
320 2943 435 3018 atque
455 2929 566 2990 antea
578 2911 868 3006 augustissimus
885 2907 1087 3000 apparuit,
1122 2931 1299 3000 quaprop-

194 3071 196 3080 ,
232 3069 235 3076 ·
304 3039 382 3098 'ter
398 3039 467 3094 eos
479 3017 616 3088 melius
633 3014 758 3084 facere
769 3007 1011 3102 judicorqui
1028 3009 1064 3077 ei
1080 3027 1231 3080 morem
1245 3031 1298 3101 ge·

320 3142 408 3200 rant
423 3138 461 3194 et
475 3121 640 3192 libenter
664 3109 1049 3194 officium‘deferan13
1093 3123 1152 3199 et,
1185 3122 1230 3178 ut
1248 3131 1299 3176 re·

309 3251 410 3312 ,rum
426 3224 551 3292 dicam
561 3209 589 3307 ‚‘
599 3215 691 3300 inde
704 3235 764 3282 res
786 3224 933 3280 nostras
947 3224 985 3278 et
999 3208 1196 3280 fortunam
1215 3231 1298 3300 pen·

321 3331 412 3400 dere
426 3323 606 3408 arbitror,
622 3330 678 3406 ut,
698 3337 814 3406 quern
822 3311 1015 3403 praedicat,
1032 3311 1103 3380 deo
1118 3311 1234 3386 fidem
1243 3313 1297 3378 ha-

305 3430 490 3502 beamus.
544 3425 656 3492 Nunc
677 3407 863 3496 menibil
881 3411 1062 3504 abstinet,
1090 3411 1296 3504 quominus

322 3530 455 3603 statim
483 3543 617 3614 regern
638 3517 817 3610 accedam
839 3527 884 3586 et
901 3512 1086 3604 baptizari
1101 3514 1295 3604 postulem,

322 3632 398 3702 nisi
423 3627 463 3695 id
483 3615 628 3707 solum,
669 3616 772 3708 quod
798 3635 931 3707 regern
951 3612 999 3698 ad
1024 3631 1175 3686 coenam
1195 3611 1295 3679 ivisse

236 3803 245 3816 ,
322 3745 440 3822 puto,
486 3738 526 3796 et
545 3719 648 3813 quod
672 3717 755 3810 regi
782 3729 820 3784 et
845 3709 1061 3784 christiania
1091 3713 1295 3783 doctoribus

325 3829 457 3924 (sacris
485 3817 686 3908 ministris)
709 3819 782 3886 hac
810 3814 916 3904 dies
933 3837 1049 3905 quam
1079 3813 1293 3907 primarium

271 3929 277 3940 '
322 3929 382 4002 sui
406 3929 467 3998 dei
485 3925 629 3992 festum
638 3920 865 4009 appellant,
904 3915 1107 4008 negotium
1122 3915 1292 3984 facessere

315 4033 437 4114 ›nolo5
466 4025 611 4094 etenim
630 4019 785 4090 credere
799 4027 961 4112 pareat,
987 4017 1104 4086 multi
1117 4016 1291 4104 esselabo-

324 4135 399 4220 sis,
438 4128 482 4196 id·
500 4123 675 4192 officimn·
692 4120 790 4194 mihi
814 4117 1002 4208 sociisque
1021 4120 1199 4210 omnibus
1215 4135 1290 4208 pra·

315 4250 439 4331 stare,
468 4226 667 4314 diemque,
693 4244 768 4312 quo
784 4219 953 4292 universi
966 4219 1218 4316 baptizemur,
1244 4233 1288 4285 oc·
