2640 4682
362 407 451 499 118
653 431 928 491 ...··.··-·.····....
1172 393 1264 504 uec.

296 637 403 712 dunt.
464 620 696 735 Si³gmundus
725 655 838 730 grave
864 632 1012 705 itineris
1033 630 1267 728 impedimen·

293 758 381 814 tum
393 741 507 828 objici
520 741 705 834 queritur.
767 738 1020 810 Thrandus
992 762 1045 808 sic
1061 763 1148 808 rem
1165 739 1267 806 exitu-

294 869 379 916 ram
395 845 603 940 significat,
631 841 934 960 quotiescunque
951 840 1007 911 ita
1023 843 1098 912 iter
1120 837 1269 935 aggressi
1317 909 1318 912 ,

293 947 457 1037 fuerint,
499 959 544 1017 ut
568 970 609 1016 se
636 946 802 1016 invitum
826 943 1014 1014 deducere
1041 957 1267 1014 conarentur.
1316 1005 1318 1032 ff

294 1053 454 1140 Jamque
472 1047 703 1143 Sigmundus
719 1045 947 1118 Thrandum
965 1048 1135 1115 liberum
1161 1043 1269 1112 dimit·
1316 1073 1318 1092 1

292 1153 360 1237 tit,
398 1173 443 1218 ea
474 1151 579 1244 lege,
610 1162 655 1217 ut
674 1147 924 1235 jurejurando
944 1148 1173 1239 interposito
1189 1166 1268 1234 pro·

292 1252 439 1339 mittat,
480 1273 520 1320 se
540 1265 686 1319 rectam
703 1247 821 1326 fldem,
832 1263 1083 1340 accepturum
1101 1261 1141 1318 et
1158 1247 1269 1314 obser·

292 1365 493 1440 vaturum‚
517 1350 633 1420 tidem
648 1364 687 1420 et
697 1349 927 1440 obsequium
941 1351 1025 1442 regi
1033 1350 1154 1418 Olavo
1166 1347 1268 1439 &sig-

291 1453 435 1522 mundo
465 1453 750 1545 praestiturum,
789 1449 985 1519 neminem
1014 1449 1269 1519 insulanorum

291 1554 579 1646 prohibiturum
610 1547 686 1620 a'ut
721 1547 1020 1642 impediturum,
1075 1549 1268 1640 quominus

292 1656 455 1746 quisque
474 1654 521 1722 iis
537 1653 655 1723 fidem
672 1665 711 1719 et
727 1651 954 1742 obsequium
969 1664 1174 1742 praestent,
1206 1650 1268 1716 hoc

289 1755 393 1848 regis
418 1753 788 1841 olavi-mandatum,
824 1747 868 1818 ut
886 1765 925 1820 et
939 1752 1198 1842 quodcunque
1212 1751 1268 1818 ali·

290 1857 363 1943 ud,
390 1855 493 1946 quod
509 1853 792 1946 Faereyensibus
807 1852 1053 1938 injuncturus
1064 1865 1176 1941 esset,
1193 1873 1268 1942 pro-

248 1947 255 1956 ’
289 1971 491 2024 moturum
505 1971 544 2024 et
557 1968 839 2025 exsecuturum.
899 1953 1107 2024 Thrandus
1124 1966 1203 2021 tam
1216 1975 1269 2019 ex-

289 2069 373 2126 acte
391 2057 510 2143 jurat,
537 2077 652 2147 quam
668 2052 958 2148 diligentissime
972 2053 1268 2148 Sigmundusju-
1312 2023 1318 2106 l

175 2157 178 2164 '
287 2171 511 2226 ramentum
534 2157 671 2248 praeire
697 2153 857 2246 potest.'
895 2154 965 2224 His
989 2156 1107 2248 gestis
1130 2155 1268 2228 Thrau-

169 2283 175 2292 ·
287 2257 360 2328 'dus
379 2259 516 2328 Gatam
527 2256 724 2344 concessit,
752 2255 981 2348 Sigmundus
995 2279 1085 2326 vero
1103 2255 1266 2348 Skuleyae
1315 2341 1316 2348 ἵ

287 2357 436 2428 invilla
458 2380 526 2427 sua
548 2357 646 2426 hanc
669 2353 840 2426 hiemem
857 2356 955 2450 egit,
997 2381 1089 2428 nam
1108 2358 1266 2424 multum
1315 2381 1317 2416 ;

288 2459 468 2530 autumni
483 2471 736 2548 processerat,
772 2479 862 2526 cum
877 2458 1014 2528 ultima
1032 2458 1115 2526 vice
1132 2454 1266 2548 repulsi

289 2573 390 2628 sunt.
453 2548 863 2652 Sigmunduslnavem,
891 2581 974 2649 quae
995 2558 1126 2628 miuus
1144 2557 1264 2628 collisa
1310 2562 1317 2623 ὲ

284 2656 430 2747 fuerat,
454 2656 700 2730 reficiendam
718 2661 872 2728 curavit.
924 2659 1134 2748 insequens
1155 2661 1264 2728 hiems
1314 2681 1317 2720 r

241 2759 449 2856 *R'Faereyis
470 2760 631 2852 quieta,-
655 2760 848 2851 nullisque
864 2759 979 2852 gestis
1000 2757 1260 2829 memorabilis.
1314 2757 1317 2824 s

391 2853 565 2950 Cap.19'2.
620 2865 732 2931 Nunc
744 2861 869 2952 primo
880 2859 1163 2949 dicendumst,
1182 2857 1261 2954 quid
1314 2853 1315 2878 ;

285 2958 432 3029 interea
448 2960 488 3028 in
497 2964 531 3030 N
535 2981 690 3054 orietua
707 2960 907 3050 acciderit,
933 2960 1024 3029 dum
1038 2961 1260 3054 Sigmundus

284 3059 468 3130 Bresteris
478 3060 586 3130 filius
602 3061 816 3153 inFaereyis
834 3076 1090 3168 commoratus
1115 3075 1184 3157 est,
1202 3058 1259 3127 ibi-

285 3183 372 3250 que
383 3149 628 3230 christianam
651 3162 879 3275 religionem
898 3150 1136 3254 propagavit.
1190 3164 1258 3232 Rex

285 3260 446 3350 olavus,
490 3277 578 3353 post
601 3259 817 3330 discessum
830 3247 1058 3354 sigmundi,
1095 3278 1141 3332 ut
1165 3263 1257 3352 prius
1313 3295 1315 3336 z

240 3441 245 3448 ι
284 3360 428 3430 dict'um
444 3377 519 3451 est,
556 3377 728 3432 austrum
745 3385 874 3432 versus
893 3387 973 3431 oras
990 3363 1199 3431 maritimas
1215 3362 1256 3428 le

282 3459 358 3554 git,
395 3477 433 3532 et
456 3478 643 3532 autumno
663 3464 854 3572 sequenti
862 3463 1030 3534 convivia
1047 3463 1162 3552 obiit,
1189 3463 1256 3531 len·

279 3561 380 3632 tiore
396 3563 535 3635 itinere
549 3584 783 3657 progressus.
823 3553 981 3634 S'tadum
994 3585 1084 3634 vero
1094 3579 1254 3634 austrum

249 3753 251 3758 Ι
279 3682 411 3732 versus
432 3677 720 3762 praetervectuS,
761 3649 915 3733 colonos
937 3663 984 3732 ad
1005 3688 1044 3732 se
1051 3635 1252 3744 arcessivit,
1313 3719 1314 3742 ἶ

278 3761 394 3832 fidem
412 3784 546 3834 eorum
555 3764 782 3856 emendavit
808 3759 1024 3866 moresque,
1040 3765 1162 3834 srcubr
1172 3781 1251 3852 opus

279 3881 362 3928 esse
386 3854 512 3932 visum
536 3878 613 3952 est,
649 3866 823 3934 correxit.
876 3867 958 3936 Rex
983 3866 1124 3935 Olavus
1142 3866 1249 3956 prima

276 3957 404 4034 hieme
418 3964 608 4034 orientem
622 3988 752 4036 versus
762 3966 812 4036 in
826 3965 979 4038 Vikiam
992 3969 1178 4057 pervenit.

377 4132 463 4203 Rex
488 4093 635 4203 Olenus
655 4135 821 4231 nuptias
836 4135 1005 4236 Sigrirlae
1028 4134 1159 4206 ambit.

379 4261 468 4354 Cap.
484 4271 556 4338 193.
609 4265 767 4363 Sigrida,
793 4269 957 4382 Svetlrire
971 4271 1116 4366 regina,
1131 4253 1243 4358 impe
1312 4262 1313 4276 ¹
