2626 4678
364 419 453 533 4Ι
644 415 933 480 ··’·’“·····
1124 440 1278 538 istc.

659 485 932 508 Μ

304 635 439 732 lumno
460 666 528 724 tuo
553 640 784 726 antecellere
808 645 960 745 judico,
992 668 1030 726 et
1048 645 1091 727 in
1106 653 1215 753 rebus
1231 677 1285 754 ge·

304 755 433 854 rendis
447 777 618 850 ‘gnavum
631 754 713 824 fore
735 755 893 826 confido.
931 757 968 826 Is
981 779 1072 827 vero
1086 777 1287 842 rerumsta·

222 896 227 906 =
306 874 368 926 tus
387 853 626 949 inNorvegia
642 879 744 928 nunc
756 855 925 945 obtincq.
938 871 983 926 ut
999 878 1065 926 vos
1083 860 1186 929 domi
1203 885 1287 930 mea

305 955 408 1027 tueri
426 956 625 1048 desperem
633 979 649 1040 3.
672 953 773 1046 quod
789 953 831 1046 ii,
859 955 925 1049 qui
935 953 982 1029 ob
994 959 1290 1052 caedempatrum

306 1074 522 1129 vestrorum
537 1053 776 1151 giuvissimis
784 1071 966 1140 tenentur
979 1059 1217 1154 criminibuS,
1242 1065 1289 1132 in·

306 1161 414 1250 juriae
425 1156 759 1230 ultionemavobis
770 1159 1061 1250 exspectabunt:
1087 1161 1148 1229 his
1159 1178 1290 1254 autem,

285 1277 287 1286 ’
309 1261 445 1354 quibus
470 1281 625 1346 mecum
649 1257 875 1328 commorati
900 1257 1010 1349 estis,
1045 1263 1180 1360 annis,
1217 1265 1292 1336 fun·

310 1365 376 1450 dos
390 1373 533 1431 vestros
550 1373 753 1428 numerata
767 1359 933 1450 pecunia
947 1361 1114 1451 vendidi,
1133 1387 1163 1433 e
1186 1389 1229 1436 re
1241 1390 1292 1434 ve·

310 1479 387 1534 stra
407 1457 574 1532 maxime
590 1459 674 1529 fore
691 1471 850 1551 putans,
881 1457 914 1530 si
930 1457 1159 1533 mercaturae
1182 1457 1293 1561 gratie

310 1558 489 1660 Angliam
522 1559 732 1652 petieritis,
766 1557 1021 1653 'fortunaeque
1054 1587 1116 1632 res
1161 1557 1310 1636 vestras³

311 1661 590 1736 commiseritis.
646 1661 767 1750 Ottar,
792 1684 832 1731 se
847 1660 920 1731 hoc
936 1659 1098 1732 consilio
1114 1667 1178 1735 uti
1194 1670 1294 1756 velle,

311 1763 488 1835 ostendit.
546 1765 601 1834 Ea
623 1774 752 1856 aestate
778 1761 958 1856 Angliam
981 1777 1144 1857 petunt,
1181 1771 1294 1839 lucro

310 1885 467 1954 samque
482 1871 740 1948 mercaturam
757 1875 958 1950 exercent,
995 1877 1073 1934 tres
1088 1883 1295 1958 quatuorve

309 1988 428 2038 annos
442 1959 484 2034 in
505 1963 685 2054 Angiiam
702 1955 944 2052 commeant,
969 1976 1009 2033 et
1024 1963 1212 2060 magnam
1223 1993 1293 2042 rem

309 2065 466 2138 iaciunt.
527 2065 631 2134 Tum
647 2061 812 2132 Orcadas
827 2061 1026 2154 adierunt,
1062 2066 1223 2162 ibique,
1257 2085 1293 2139 ut

261 2197 264 2204 ¹
310 2163 394 2252 aliis
408 2163 449 2235 in
465 2155 578 2250 locis,
606 2185 682 2254 quo
698 2175 903 2257 venerunt,
930 2165 1032 2256 apud
1045 2165 1293 2266 viros‘poteu·

155 2267 168 2316 ἵ
246 2273 250 2282 ’
304 2282 367 2346 ,res
390 2279 429 2338 et
446 2259 580 2333 divites
598 2259 787 2334 honorem
801 2264 905 2336 nacti
921 2277 1021 2338 sunt.
1040 2325 1051 2364 a

188 2460 198 2484 κ
308 2427 516 2513 Adventus
551 2432 707 2529 otiaris
737 2444 777 2502 et
795 2431 968 2512 Apamia·
993 2435 1035 2508 in
1060 2437 1292 2512 Islandioma

257 2651 260 2654 ,
410 2577 483 2646 152.
538 2567 665 2656 Ottar,
722 2561 926 2640 Aveldium
962 2571 1173 2664 aliquando
1200 2567 1290 2643 adia·

267 2704 270 2716 ·
307 2687 388 2742 tus:
424 2693 580 2757 navem,
611 2666 757 2764 inquit,
785 2669 1073 2762 mercatoriam,
1107 2669 1309 2746 Islandim*

263 2811 265 2815 ·
307 2793 451 2843 oceano
487 2784 636 2862 aptam,
678 2791 826 2855 emere,
869 2777 992 2862 eoque
1014 2773 1290 2864 profectionem

307 2870 523 2958 instituere,
550 2869 728 2938 inanimo
745 2882 824 2953 est,
849 2866 1104 2964 audivilenim,
1125 2871 1184 2945 ibi
1197 2877 1239 2945 in
1252 2873 1288 2944 li*
1308 2871 1309 2920 ἶ

305 2971 453 3046 bertate
470 2981 509 3040 et
518 2969 595 3042 otio
607 2969 733 3062 (pace)
741 2966 905 3062 habitari
915 2998 928 3058 5-
948 2971 1168 3067 honorique
1182 2975 1288 3044 etiam

307 3073 466 3144 ducuntx
479 3063 553 3140 viri
567 3071 873 3162 praestarrtiores,
906 3086 951 3142 eo
968 3073 1188 3148 habitatum
1211 3101 1287 3146 con·
1308 3077 1309 3146 i

305 3175 453 3246 cedere.
494 3213 496 3223 ι
515 3172 628 3245 Prius
652 3183 786 3242 tamen
815 3171 1047 3268 Norvegiam
1068 3179 1286 3260 adeundam,
1308 3191 1309 3215 ¹

305 3264 769 3370 occasionemquesokkii
790 3271 923 3362 piratae
946 3275 1193 3366 opprimendi
1213 3302 1286 3368 cap⁴

207 3399 211 3410 ·
301 3379 459 3446 tendam
469 3395 618 3460 censeo,
645 3396 770 3464 neque
785 3373 892 3463 prius
906 3372 994 3446 inde
1006 3374 1285 3464 discedendum,
1307 3399 1308 3472 p

302 3465 420 3570 quam
434 3467 605 3570 patribus
623 3473 763 3542 nostris
781 3469 1021 3564 aliquantum
1037 3479 1286 3566 parentaveri·

301 3600 400 3647 mus.
453 3568 809 3656 Probatconsiiium
818 3568 1008 3645 Aveldius.
1035 3575 1142 3648 Bona
1158 3577 1308 3670 deindep

235 3687 237 3703 '
303 3701 398 3748 nave
433 3689 555 3763 emta,
592 3671 792 3742 Islandicis
831 3678 1128 3766 commeatibus¹
1146 3675 1284 3765 idonea,

278 3773 280 3778 ’
306 3779 495 3846 orientem
511 3771 691 3845 versusin
701 3775 932 3870 Norvegiam
942 3775 1126 3869 tendunt,
1153 3783 1284 3852 sinum-

179 3963 180 3971 *
241 3957 245 3963 ¹
305 3871 768 3970 queSogn'icumintrant.
822 3871 1002 3972 Quicum
1017 3875 1282 3953 Galtiumcon.

229 4021 233 4029 -
304 3989 505 4063 venerunt,
529 3983 656 4044 totum
669 3993 783 4044 suum
796 3976 1019 4049 institutum
1036 3995 1075 4050 et
1092 3979 1283 4054 consilium

302 4077 340 4144 'ei
357 4075 547 4166 aperiunt.
612 4075 757 4168 Quibus
775 4079 862 4147 ille:
895 4097 939 4149 ea
962 4099 1023 4150 res
1048 4083 1281 4154 commodum

304 4175 461 4261 accidit,
495 4170 763 4243 rram¹Sokkius
787 4171 911 4268 pirata
937 4177 1139 4274 etSotius,
1174 4177 1278 4251 frater

251 4343 254 4348 ,
303 4277 444 4367 ipsius,
480 4273 582 4343 haud
602 4278 740 4368 procul
757 4278 847 4349 hinc
864 4281 1021 4374 absunt,
1054 4298 1276 4358 unatantum
