2634 4682
839 265 842 274 ¹
888 259 897 294 i

279 363 282 370 ,
497 367 500 378 ,
1313 342 1314 372 i

344 381 503 474 2‘)0'
632 379 936 472 .,..····....····==‘
1024 397 1028 406 '
1166 395 1270 464 2280.

162 683 166 699 ζ
278 617 511 706 imposuere,
527 633 636 697 quus
651 609 834 682 odoretur
847 631 977 678 nunus
989 607 1155 680 adverso
1165 631 1314 712 quam
1313 597 1314 672 i

280 714 447 786 secundo
470 727 584 780 vento
606 709 813 779 ferebatur.
880 709 1034 780 Deinde
1057 711 1314 798 Hjaltiustc

177 853 179 864 ·
275 817 420 909 ,Gizur,
444 810 803 881 bonumsilentium
818 811 939 898 nacti,
964 813 1191 881 orationem
1208 810 1314 879 orsi

282 929 371 986 sunt
384 934 522 1006 magna
542 911 761 1002 eloquentia
777 910 1002 1002 dicendique
1016 913 1185 1001 peritia3
1198 913 1273 1004 pri·

280 1041 345 1086 mo
361 1025 632 1106 exposuerunt,
649 1033 732 1102 quae
746 1011 786 1080 in
799 1011 938 1080 itinere
949 1033 1018 1080 suo
1032 1013 1272 1100 accidissent,

282 1105 434 1186 deinde
447 1137 597 1184 summa
619 1110 810 1202 loquendi
828 1111 1004 1180 libertate
1028 1115 1141 1206 regis
1173 1113 1273 1183 Olan'

282 1217 328 1286 de
342 1214 619 1285 introducenda
631 1211 817 1306 religione
834 1211 1012 1282 mandata
1024 1229 1315 1305 aperuerunt,

282 1317 449 1408 denique
483 1314 655 1390 oratione
689 1312 735 1381 od
768 1313 940 1381 mollem·
963 1307 1315 1385 adhortationem

218 1481 222 1484 .
280 1421 398 1505 flexa,
426 1437 580 1485 omnem
595 1415 785 1506 popuium
797 1413 945 1483 blandis
970 1417 1221 1486 sermonibus
1242 1427 1275 1483 et

170 1593 171 1600 χ
281 1519 459 1611 precibus
481 1531 687 1620 rogarunt,
717 1527 762 1581 ut
780 1511 938 1584 consilia
961 1537 1029 1584 sua
1053 1517 1103 1585 ad
1121 1516 1274 1610 frugem

225 1649 230 1660 ι
280 1605 576 1712 perducerent,¹
585 1637 701 1706 seque
717 1614 897 1706 potestati
906 1615 1168 1690 &mrnrsterro
1179 1639 1274 1686 sum

282 1719 338 1788 mi
361 1718 462 1812 regis
485 1717 661 1786 omnium
684 1735 823 1809 regum
838 1711 1099 1806 vindicarent,
1128 1731 1179 1786 ut
1201 1739 1274 1784 sus·

283 1832 395 1911 cepto
412 1817 598 1909 baptismo
617 1829 822 1907 sanctaque
837 1815 912 1885 fide
925 1816 1142 1908 observata,
1171 1833 1273 1886 aeter·

280 1945 372 1988 nam
396 1918 615 1989 mercedem
635 1916 877 1988 infinitorum
894 1915 1157 2010 gaudiorum
1145 1943 1191 1988 m
1207 1943 1273 1988 cor·

195 2079 198 2086 ,
281 2023 411 2090 lorum
427 2019 552 2114 gloria
563 2018 707 2109 abipso
723 2017 793 2093 deo
810 2032 1188 2110 reportarepossent.
1205 2018 1272 2114 Qui
1315 2053 1316 2108 ι

284 2143 374 2190 cum
395 2137 543 2234 magna·
551 2117 692 2189 fidncia
722 2131 761 2188 et
787 2120 1005 2210 eloquentia
1018 2109 1316 2212 perorassent,

281 2219 597 2313 magnusexstitit
612 2222 802 2290 tumultus
813 2233 851 2288 et
866 2221 1029 2310 clamor,
1056 2221 1163 2313 quod
1179 2243 1274 2292 unus

182 2365 185 2374 ·
235 2409 238 2418 ι
282 2326 370 2414 post
388 2324 553 2390 alterum
568 2334 684 2390 testes
702 2321 924 2408 adhiberet,
946 2334 985 2388 et
1002 2321 1273 2413 christianipa·

251 2437 254 2456 '
282 2422 375 2490 riter
394 2435 510 2513 atque
524 2420 667 2490 ethnici
681 2434 868 2514 negarent
886 2437 927 2490 se
942 2417 1273 2512 communibusle-

223 2557 244 2580 κ
283 2523 394 2616 gibus
417 2545 579 2591 usuros·
629 2525 714 2592 Hoc
730 2523 824 2612 'ipso
844 2535 1043 2591 momento
1061 2545 1164 2614 puer
1196 2521 1273 2614 qui-

283 2624 370 2693 dam
390 2623 466 2690 cito
483 2642 597 2692 cursu
615 2622 656 2690 in
672 2622 826 2691 comitia
841 2621 964 2711 venit,
988 2623 1273 2718 magnadicen-

283 2725 321 2794 di
335 2724 578 2793 vehementia
589 2745 671 2790 rem
684 2745 791 2792 suam
801 2721 1022 2814 proferenS,
1048 2725 1272 2818 ignemsub

281 2839 503 2894 terraneum
530 2838 724 2912 exortum,
758 2823 963 2916 subitoque
992 2825 1106 2940 lapsu
1136 2823 1274 2894 deferri

282 2925 330 3000 ad
343 2925 475 2992 villam
492 2915 691 2996 Tboroddi
707 2923 919 3015 pontificis,
945 2924 1019 2996 toti
1030 2925 1117 3012 ejus
1130 2942 1270 3019 posses·

181 3043 183 3048 ·
283 3024 382 3108 sioni
406 3023 578 3095 subitum
603 3024 827 3094 incendium
844 3025 993 3094 minari.
1061 3030 1157 3119 Quae
1187 3047 1270 3096 cum

282 3123 427 3196 ethnici
446 3126 484 3217 ¹)
513 3125 707 3214 audirent,
747 3145 847 3206 unus
870 3145 1005 3196 eorum
1026 3123 1132 3196 infit:
1171 3125 1271 3196 haud

281 3223 426 3295 mi'rum
450 3239 525 3324 est,
566 3227 655 3300 deos
684 3228 785 3296 tales
810 3247 1036 3296 succensere
1069 3227 1269 3314 orationes,

282 3347 374 3416 quas
390 3347 515 3417 nuper
532 3327 704 3418 prolatas
724 3326 951 3396 audivimus.
988 3327 1152 3420 Excepit
1162 3329 1268 3398 Snor-

162 3497 176 3504 ,
281 3427 361 3496 rius
389 3425 563 3517 ‘pontifex
583 3427 808 3522 Thorgrimi
823 3429 947 3497 filius:
988 3427 1092 3519 quid¹
1113 3429 1168 3499 dii
1189 3442 1270 3500 tum

280 3528 573 3620 succensebant,
600 3552 689 3598 cum
703 3530 790 3598 heic
804 3528 898 3618 loci,
923 3529 990 3598 ubi
1004 3551 1107 3598 nunc
1119 3545 1268 3615 stamus,

280 3641 385 3698 terra
405 3627 559 3698 arderet
576 3624 636 3720 2)”θ
699 3632 788 3701 Post
809 3629 892 3698 haec
915 3631 962 3698 ab
994 3629 1089 3716 juris
1117 3629 1269 3700 dicundi

231 3731 232 3739 ’
279 3751 376 3820 rupe
393 3729 548 3798 domum
557 3729 603 3798 ad
618 3731 866 3819 tabernacula
884 3729 983 3800 itum
1000 3743 1075 3816 est3
1102 3729 1269 3800 christia-

278 3829 320 3899 ni
334 3825 517 3900 ‘homines
539 3831 729 3920 colloquio
747 3833 849 3899 inter
866 3854 905 3899 se
921 3831 1073 3919 habito,
1100 3832 1149 3900 ab
1165 3831 1268 3902 Sidu-

257 3947 261 3952 '
279 3932 395 4003 Hallo
411 3930 653 4021 petiverunt,
672 3947 724 4002 ιιι
736 3941 855 4000 noras'
864 3929 986 4002 ferret
1000 3933 1119 4028 leges,
1136 3931 1267 4024 quibus

357 4081 360 4096 ι
471 4045 482 4079 i

283 4157 369 4230 ¹ri)p
348 4164 478 4230 rmcipes,
505 4163 537 4214 Β.
593 4164 697 4238 ²)quae
716 4183 831 4220 resnou
852 4167 963 4218 minoris
961 4167 1098 4264 prodigii
1116 4165 1183 4233 snit·
1211 4166 1266 4218 deos

319 4250 404 4300 autem
419 4255 535 4305 neutrius
549 4255 642 4308 hortun
658 4269 775 4308 auctores
791 4255 873 4310 fuisse
886 4239 1039 4324 censemus,
1058 4259 1120 4310 add.
1136 4259 1168 4310 B.
