2634 4682
348 383 440 476 ms
649 393 925 510 2-...23
1167 391 1254 462 2120.

435 523 453 554 Ἀ

263 677 266 694 .
294 611 357 690 vel
379 608 552 686 cruciari.
617 611 857 707 Draconem,
896 609 964 706 qui
985 607 1122 684 Raude
1143 607 1256 700 fuerat,

294 741 364 794 rex
381 714 556 810 abstulit,
582 711 740 806 ipseque
755 713 999 808 gubernavit,
1023 725 1159 804 utpote
1175 714 1258 784 Grue

294 804 418 889 multo
432 815 620 901 majorem
641 829 679 884 et
700 813 1007 906 splendidiorem.
1043 814 1215 886 Exstabat
1228 814 1260 880 in

294 921 409 1012 prora
439 929 554 1008 caput
576 913 765 1004 draconis,
796 915 937 1007 puppis
958 936 1054 983 nero
1079 914 1122 984 in
1139 933 1261 983 nucum

289 1033 378 1089 'erat
395 1031 566 1106 curvata,
578 1051 581 1062 ν
591 1018 633 1086 in
645 1015 812 1085 formam
824 1015 952 1092 caudae
973 1015 1160 1112 serpentis
1175 1013 1261 1081 fasti-

296 1134 446 1214 gatum,
479 1131 520 1187 et
537 1115 735 1210 utrimque
761 1129 841 1186 tem
860 1127 944 1206 quae
966 1125 1092 1207 prorae
1108 1128 1149 1184 et
1161 1111 1262 1206 puppi

294 1219 471 1314 proxima
483 1230 612 1308 erant,
639 1239 756 1308 quam
770 1216 851 1308 ipsa
865 1229 1034 1308 promet
1047 1216 1201 1308 puppis,
1213 1236 1265 1282 au·

295 1343 341 1391 ro
357 1319 531 1390 obducta.
567 1361 572 1381 ι
583 1321 693 1390 Hanc
713 1339 852 1388 navem
867 1340 937 1386 rex
951 1316 1104 1386 vocavit
1125 1318 1265 1405 Serpen-

193 1474 196 1490 .
295 1435 397 1512 tem,
425 1441 514 1488 cum
529 1419 633 1509 vela,
660 1417 812 1511 quando
831 1417 980 1488 sublata
997 1431 1132 1506 erant,
1158 1417 1266 1486 draco·

296 1523 339 1594 ni
351 1523 436 1593 loco
447 1520 595 1590 alarum
610 1531 756 1604 essent,
783 1542 867 1610 quae
881 1517 985 1588 navis
999 1517 1187 1606 omnium,
1200 1536 1267 1606 que

296 1637 381 1694 tum
390 1622 520 1694 intuta
528 1609 719 1714 Norvegie
729 1618 1181 1710 fueruntrpulcherrima
1192 1627 1264 1684 erat

296 1723 458 1810 Insulae,
498 1743 591 1811 quas
616 1719 771 1794 Raudus
791 1719 996 1809 habitavit,
1041 1719 1267 1810 appellantur

297 1823 468 1916 Gillinga
479 1820 708 1914 &Haeringa,
721 1813 1024 1908 junctimeutem
1040 1841 1175 1888 omnes
1186 1813 1268 1888 God-

289 1919 400 2016 ἐγω,
441 1934 481 1990 et
500 1919 644 1990 fretum
663 1920 817 1991 boreale
833 1921 934 1992 inter
946 1921 1015 1996 has
1035 1933 1075 1989 et
1088 1917 1268 1989 continen-

296 2037 390 2114 tem,
418 2020 576 2116 euripus
593 2021 848 2118 Gedeyarum.

221 2269 223 2274 ,
296 2193 419 2290 Regis
438 2192 557 2265 Οἰανί
576 2197 661 2266 cum
681 2205 831 2266 vectore
847 2191 1266 2288 lintriscommercium.

399 2327 489 2418 Cap.
503 2333 575 2400 212.
628 2331 710 2400 Rex
728 2329 885 2418 olavus,
913 2325 1088 2402 omnibus
1102 2327 1215 2414 hujus
1231 2323 1269 2391 si·

289 2449 371 2510 nus
395 2425 531 2524 ineqlis
548 2427 601 2503 acl,
617 2427 943 2501 christianismum
970 2428 1179 2516 conversis,
1209 2426 1268 2494 iter

297 2551 411 2598 suurn
432 2540 605 2608 austrum
627 2550 756 2597 versus
774 2526 987 2598 sectindum
1008 2527 1140 2597 littora
1165 2525 1267 2610 flexit,

297 2629 340 2698 in
358 2651 433 2719 quo
447 2629 585 2698 itinere
611 2631 734 2699 multa
763 2627 1029 2698 memorabilia
1050 2628 1267 2712 acciderunt,

299 2753 383 2820 quae
398 2729 643 2808 relationibus
658 2728 923 2811 celebrantur5
950 2727 1124 2821 gigantes
1144 2727 1266 2818 aliique

168 2822 182 2926 J
297 2829 396 2898 mali
411 2829 515 2922 genii
540 2830 670 2921 regios,
691 2829 851 2917 milites,
880 2840 919 2897 et
942 2829 1142 2899 interdum
1158 2829 1266 2920 ipsum

257 2971 259 2982 ι
289 2947 431 3023 ¹regem
445 2927 685 2998 infestabant.
709 3003 712 3012 ,
742 2928 891 3000 Accidit
904 2927 965 2998 die
982 2930 1171 3021 quodam,
1194 2947 1266 2997 cum

296 3030 372 3099 iter
392 3053 506 3099 suum
519 3045 861 3121 persequerentur,
887 3041 932 3099 ut
947 3029 1151 3126 hominem
1168 3051 1267 3120 quen·

260 3175 262 3178 -
298 3131 387 3223 dam
398 3130 586 3220 viderent,
613 3130 731 3200 lintre
747 3135 913 3220 vectum,
939 3131 985 3200 ab
1002 3133 1081 3200 alto
1094 3132 1267 3223 remigan-

173 3320 177 3329 χ
295 3245 378 3300 tem
397 3245 435 3301 et
459 3229 637 3322 adprupes
653 3223 836 3322 quasdem
854 3230 1066 3300 maritimas
1083 3245 1186 3300 recta
1202 3243 1268 3298 ten·

125 3390 127 3400 .
208 3415 211 3426 ¹
297 3332 463 3401 dentem.
517 3331 592 3402 Hic
606 3331 679 3421 vir,
702 3331 801 3401 utin
815 3345 980 3402 transtro
995 3331 1161 3422 sedebat,
1175 3352 1268 3426 gran·

239 3513 243 3520 ‚
296 3432 440 3502 dierat
465 3443 628 3523 statura,
662 3433 852 3522 vastisque
875 3431 1068 3524 humeris,
1098 3447 1139 3502 et
1161 3450 1267 3500 remos

288 3551 434 3624 *magna
458 3531 496 3602 vi
512 3533 723 3623 torquebat.
778 3535 861 3634 Rex
884 3533 980 3604 suis:
1016 3557 1122 3603 nunc
1139 3556 1200 3602 vos
1222 3553 1267 3597 re

181 3627 185 3634 ’
294 3631 626 3724 migiumfortiter
641 3640 799 3726 urgete3
826 3633 1024 3728 ingentem
1044 3634 1151 3704 enim
1168 3634 1266 3701 istum

238 3756 240 3765 ·
293 3731 511 3821 hominem,
539 3733 606 3824 qui
617 3747 707 3803 ante
720 3758 791 3806 nos
801 3737 980 3829 remigat,
1006 3735 1265 3806 convenirem·

188 3827 199 3860 '¹
283 3831 374 3924 110„
388 3834 565 3926 etjscire,
593 3834 661 3926 qni
683 3835 833 3922 iuvenis
855 3835 913 3905 sit.
947 3875 950 3882 ·
968 3835 1037 3906 Vir
1051 3835 1121 3904 ille
1136 3836 1262 3928 ingens,

163 3941 164 3948 ’
222 3930 225 3939 '
293 3930 420 4022 regios
443 3933 655 4028 remigium
675 3927 854 4004 festinare
875 3935 1028 4024 videns,
1063 3935 1168 4007 idem
1189 3953 1261 4024 quo-

295 4051 369 4120 que
385 4032 468 4122 ipse
481 4031 722 4123 facit,¹celeri
738 4050 849 4104 motu
861 4048 987 4128 remos
1002 4053 1139 4126 versat,
1158 4035 1261 4105 niten-

294 4129 419 4218 doque
437 4124 599 4204 reclinet
619 4125 837 4220 humeros}
862 4149 978 4226 atque
1000 4136 1055 4204 sic
1079 4159 1184 4227 aequo
1203 4131 1258 4201 dis·

293 4227 450 4298 crimine
464 4232 619 4326 utrique
631 4233 819 4314 feruntur.
852 4264 855 4271 ·
872 4241 976 4310 Tum
985 4259 1054 4308 rex
1068 4259 1156 4306 suos
1172 4231 1258 4326 jussit
