2718 4680
245 381 275 464 κ.
358 377 490 466 16»
584 385 969 496 ·-·-.''''''--'''-·'-'
1163 369 1316 460 cs

289 605 531 688 ¹meritissime
549 627 734 677 concessa.
762 603 1023 677 Versabatur
1003 625 1092 676 cum
1109 627 1203 702 rege
1214 611 1300 682 Ha

177 791 182 798 ,
296 711 402 782 raldo
422 693 481 778 vir
502 706 677 798 quidam,
716 706 838 777 dictus
868 708 1026 777 Haukus
1048 705 1321 784 Attebra'cca'

296 829 379 900 tus,
414 811 456 878 in
484 807 760 924 legationibus,
801 809 867 877 vel
888 807 1187 924 difficilioribus,
1228 815 1300 882 ob

298 911 432 982 eundrs
443 908 901 1004 strenuissimus,reg1que
914 929 1172 980 amicissimus
1199 914 1314 1000 Pru,

222 1051 226 1056 ·
272 1061 275 1068 »
296 1014 492 1101 ximapost
506 1009 693 1099 haec,quae
708 1009 821 1079 modo
831 1021 1132 1079 memoratasunt
1135 1027 1330 1108 ,aestate

259 1138 266 1155 ι
297 1136 364 1184 rex
381 1108 570 1182 Haraldus
587 1111 805 1196 Hakonem,
836 1109 962 1180 filiurn
983 1132 1109 1199 suum,
1124 1110 1331 1194 Haukioi

297 1214 341 1284 in
354 1232 489 1281 manus
506 1208 682 1299 tradidit,
715 1223 754 1277 et
781 1209 885 1278 hunc
909 1209 1147 1281 occidentem
1159 1218 1332 1290 verensi

227 1395 236 1408 N
298 1315 341 1384 in
356 1309 596 1424 Angliam
552 1309 665 1379 misit
668 1309 718 1378 ad
735 1332 867 1404 regern
875 1310 1146 1402 Adalsteinem,
1172 1329 1333 1405 quern³

297 1415 456 1486 Haukus
474 1381 639 1480 Londrni
654 1410 841 1499 convenit,
867 1410 935 1479 ubi
952 1410 1210 1484 honorificum
1231 1440 1315 1508 ap·
1333 1438 1334 1446 ¹

187 1523 190 1530 “
298 1529 475 1606 paratum
498 1524 580 1580 erat
607 1510 861 1600 conviviumu
906 1512 1063 1583 Haukus
1088 1513 1136 1582 ad
1160 1514 1335 1588 aulam*

281 1616 459 1708 regiam,
477 1611 637 1704 triginta
655 1611 745 1680 viris
765 1611 979 1702 comitatus,
1007 1615 1182 1701 accessit;
1208 1630 1336 1690 turrix

246 1717 392 1786 -.·suis:
439 1714 493 1781 ita
511 1710 717 1781 introitum
742 1711 1005 1786 instituamus:
1052 1716 1120 1805 qui
1144 1733 1317 1806 postre-

221 1844 222 1849 ’
254 1843 258 1856 ’
297 1839 383 1888 mus
397 1813 537 1903 intrat,
573 1813 721 1904 primus
742 1813 869 1883 exito!
893 1813 1062 1882 universi
1079 1829 1169 1888 aute
1186 1842 1314 1890 men-

299 1938 378 2002 sam
394 1915 568 2007 regiam,
578 1913 714 2003 aequali
731 1914 776 1984 ab
798 1938 842 1984 ea
857 1914 1028 2010 spatio,
1011 1913 1313 1989 consistamus:

190 2073 193 2078 .
282 2023 285 2032 '
300 2016 463 2110 quisque
477 2027 651 2084 nostrum
666 2037 687 2082 a
701 2014 853 2085 sinistro
873 2016 992 2085 latere
1002 2015 1194 2109 gladium¹
1211 2041 1314 2114 ges-

298 2121 411 2205 tato,
434 2115 565 2207 sicque
593 2115 755 2207 pallium
772 2116 958 2204 fibulato,
995 2129 1039 2184 ut
1069 2116 1185 2213 gladii
1217 2145 1313 2192 non

163 2291 169 2304 ⁴
258 2216 596 2308 conspiciantur.
657 2214 802 2331 Quibus
820 2214 931 2287 dictis
948 2216 1107 2288 Haukus
1125 2239 1314 2331 puerum

243 2353 246 2359 ¹
299 2315 664 2392 Hakonembrachio
680 2337 748 2386 suo
759 2333 962 2408 imposu1t3
987 2316 1147 2387 deinde'
1137 2332 1311 2392 1ntrant.

205 2439 209 2444 ’
299 2419 460 2492 Haukus
476 2440 610 2512 regem,
628 2418 771 2487 salvere
785 2418 913 2508 jussit3
945 2440 1013 2486 rex
1027 2441 1118 2488 eum
1139 2439 1313 2513 exopta·

300 2533 387 2594 tum
403 2517 531 2588 adesse
552 2517 712 2612 optavitss
741 2541 817 2610 quo
833 2518 932 2588 facto
952 2518 1111 2590 Haukus
1128 2538 1312 2610 puerum

210 2677 213 2688 .
302 2619 451 2714 gremio
476 2618 576 2712 regis
592 2617 818 2689 Adalsteinis
841 2619 1036 2711 imposuit.
1095 2622 1178 2692 Rex
1200 2643 1313 2712 pue·

221 2769 222 2776 1
301 2743 391 2791 rum
404 2719 587 2807 intuitus,
613 2719 842 2812 interrogat,
869 2743 937 2790 cur
952 2719 1006 2788 ita
1024 2718 1160 2790 faciat?
1189 2724 1337 2795 Hau--

301 2824 371 2892 ltus
388 2819 609 2911 respondet:
637 2819 839 2908 Haraldus,
866 2820 1065 2913 Norvegiae
1081 2843 1160 2912 rex,
1184 2823 1311 2909 iubet

302 2937 341 2991 te
364 2921 473 2990 ‘hunc
499 2931 762 2989 servavnatum
787 2920 858 3002 sibi
873 2921 1043 2990 educare.
1083 2925 1165 2996 Rex
1182 2925 1311 2998 Adat-

289 3023 422 3110 'ste'in,
459 3019 516 3090 ira
535 3043 741 3109 pommus,
781 3016 954 3117 gladium
975 3040 1095 3114 prope
1113 3024 1312 3114 ‚positum

212 3179 214 3192 ,
303 3120 485 3216 arripuit,
519 3120 743 3209 etstrinxit,
777 3121 884 3192 velut
899 3143 1066 3213 puer-um
1085 3123 1308 3198 occisurus.

304 3229 409 3298 Tum
422 3221 601 3293 Haukus:
627 3221 757 3290 hunc
745 3244 823 3306 tarn
841 3241 944 3314 genu
958 3221 1187 3314 imposuisti,
1210 3247 1288 3298 rex
1301 3230 1310 3295 Ι

303 3345 424 3411 nunc,
448 3343 481 3392 s1
468 3321 614 3410 lubet,
637 3321 789 3415 jugules
803 3321 914 3406 licet,
938 3344 1069 3392 onmes
1086 3345 1174 3402 vero
1195 3331 1310 3424 regis

300 3422 463 3496 Haraldi
485 3421 584 3510 filios
605 3422 679 3491 hoc
696 3431 810 3513 pacto
824 3445 902 3490 non
921 3426 1144 3518 exstingves.
1197 3432 1310 3522 Quo

306 3523 409 3594 dicto
429 3497 742 3614 Haukussuique
764 3525 896 3593 omnes
914 3523 1110 3612 exierunt5
1145 3510 1308 3620 deinde,
1341 3529 1342 3534 ’

304 3647 381 3716 qua
404 3624 552 3694 ferebat
574 3622 655 3714 via,
693 3623 739 3692 ad
755 3645 891 3692 navem
907 3625 1069 3714 reversi,
1116 3637 1161 3694 ut
1176 3647 1311 3718 parati

305 3738 431 3816 erant,
457 3724 500 3795 in
515 3723 651 3794 altum
657 3725 862 3813 solverunt,
891 3725 988 3794 etin
1001 3727 1234 3843 biorvegiam
1256 3729 1309 3802 ad

303 3848 436 3922 regern
448 3823 662 3900 Haraldum
685 3837 939 3910 revenerunt,
975 3828 1057 3941 cui,
1089 3845 1310 3926 quaegesta

306 3941 425 4010 erant,
440 3925 606 4018 perbene
623 3925 869 4016 placuerunt3
893 3928 939 3997 is
945 3927 1050 4012 euim
1065 3929 1180 4024 vulgo
1203 3932 1306 3999 aesti-

303 4040 434 4096 matur
449 4025 642 4098 inferioris
658 4026 871 4120 dignitatis,
896 4049 962 4118 qu1
951 4027 1132 4098 alterius
1149 4029 1306 4121 prolem

304 4126 453 4199 educat.
516 4131 572 4200 Ex
587 4125 648 4199 his
667 4129 801 4223 rebus,
831 4151 945 4226 reges
959 4127 1303 4224 intercedentibus,

279 4301 281 4309 ι
316 4327 321 4343 .
349 4259 377 4328 ¹)
394 4259 536 4333 elypeum,
553 4258 585 4312 B.
