2634 4682
666 387 940 424 “·“··“““
1140 365 1249 458 'toto

667 429 938 450 ndu—n—-fi—-t-fl

296 599 377 690 jam
397 597 549 668 decreta
574 607 650 686 est,
682 607 808 666 morte
823 597 1036 690 plectetur,
1070 621 1144 693 quo
1160 593 1253 664 deter-

277 769 278 774 ,
297 713 456 774 reantur
475 699 560 787 alii,
584 721 633 768 ne
647 697 788 776 aulicos
803 722 908 769 meos
924 701 1148 772 innocentes
1165 695 1255 766 inter-

297 803 439 875 ficiant.
493 799 650 872 Aulicus
667 814 817 889 autem,
842 802 1194 897 cumintelligeret,
1213 821 1255 865 re-

245 927 389 1013 ‚gem
403 902 498 988 hac‘
487 925 529 971 ιιι
544 925 586 970 re
599 900 731 970 verbis
739 901 814 980 suis
826 901 924 971 nihil
941 905 1193 990 tributurum,
1217 900 1256 968 Si·

227 996 466 1099 gurdnm
482 1004 704 1093 episcopum
719 1004 966 1094 conveniens,
985 1005 1075 1074 haec
1091 1025 1128 1073 er
1115 1000 1255 1092 retulit.

269 1106 508 1200 Episcopus
541 1127 631 1172 eum
661 1101 860 1172 confestim
888 1103 936 1174 ad
963 1125 1099 1198 regem
1125 1097 1257 1213 remisit,

299 1229 430 1294 orans,
458 1219 502 1272 ut
517 1203 714 1272 hominem
732 1191 956 1276 dimitteret.
1014 1209 1098 1278 Rex
1113 1201 1258 1296 reponit:

297 1307 401 1377 haud
427 1306 625 1398 episcopus
654 1304 879 1413 hominem,
920 1296 1019 1384 solo
1028 1307 1258 1387 incedentem,

298 1406 437 1478 melius
462 1429 576 1497 quam
597 1426 667 1500 ego
693 1392 879 1496 dispicere
894 1419 1023 1500 potest
1040 1407 1105 1502 (de
1122 1401 1261 1476 homini·

298 1511 371 1580 bus
394 1509 534 1579 melius
554 1505 725 1594 judicare
747 1506 826 1597 p.·)
858 1529 924 1578 vos
945 1531 1035 1578 vero
1052 1517 1182 1600 quam
1184 1506 1226 1574 cit
1228 1504 1260 1568 is·

299 1611 395 1680 sime
412 1607 541 1677 exuite
556 1607 764 1690 hominem.
819 1607 1019 1680 Factumil
1021 1611 1108 1680 lico.
1136 1604 1261 1679 Deinde

300 1733 439 1780 corona
455 1707 626 1777 virorum
634 1708 804 1802 Sigurdo
821 1707 1073 1794 circumfusa5
1098 1729 1204 1801 qenes
1219 1727 1263 1772 so·
1298 1749 1299 1778 ι

243 1811 374 1908 luti
391 1810 517 1878 vincto
532 1808 733 1900 nudoque
723 1833 902 1896 imnussi,
926 1809 1049 1879 oculis
1064 1797 1299 1892 autemejus

299 2026 476 2104 spectum
496 2009 599 2098 ejus
610 2007 799 2104 fugerint,
837 2015 1046 2102 nullusque
1074 2026 1157 2080 tam
1181 2007 1262 2076 ferus

297 2111 438 2199 suerit,
472 2126 517 2179 ut
536 2131 652 2180 saevos
677 2109 942 2184 intendentem
959 2114 1092 2182 oculos
1108 2108 1262 2205 invadere

299 2235 412 2310 ausus
433 2211 492 2282 sit.
553 2215 658 2286 Tum
683 2233 751 2282 rex
772 2234 900 2284 acrem
924 2235 1039 2282 suum
1060 2235 1194 2281 canem
1216 2207 1263 2278 Vi·

245 2317 248 2338 '
299 2313 476 2408 giumad
502 2325 744 2384 seronatum
770 2314 961 2408 palpavit,
994 2315 1109 2427 eique
1137 2310 1263 2382 nudum

220 2446 223 2458 Δ
297 2416 412 2485 ι11ιιιιι
425 2412 622 2482 hominem
638 2417 877 2501 monstravit,
904 2413 1070 2485 surrexit
1083 2413 1233 2500 canina
1217 2407 1263 2476 ιι

298 2509 493 2584 modum
472 2529 603 2618 tamen
616 2515 783 2608 invitus,
800 2516 977 2608 rictuque
992 2515 1150 2584 efferato
1170 2513 1211 2584 ad
1223 2506 1298 2610 Si·

300 2613 468 2708 gurdum
489 2605 750 2707 procucurrit,
790 2641 956 2708 eumque
978 2639 1066 2684 una
1070 2569 1298 2684 vicedenli

298 2718 370 2785 bus
391 2730 592 2808 appetens,
620 2716 750 2786 alvum
762 2720 887 2810 rupit,
913 2739 1004 2786 mox
1018 2716 1067 2785 ad
1084 2734 1263 2809 regemrc·

194 2885 201 2900 ,
247 2883 251 2892 ,
300 2835 456 2885 currens
471 2814 517 2884 ad
533 2815 695 2914 pedes
664 2839 744 2902 e]us
759 2819 949 2891 decubun
984 2817 1170 2910 Slgurdus
1181 2832 1261 2896 vero,

193 2999 195 3009 Α
300 2939 389 2986 cum
406 2916 582 2985 dolorem
593 2905 760 2988 uulneris
778 2920 955 3008 sentiret,
969 2919 1101 3014 subito
1119 2912 1261 2998 exsiluit,

299 3017 442 3109 quippe
460 3015 577 3104 cujus
593 3016 708 3107 pedes
724 3021 840 3090 soluti
860 3035 1008 3108 essent,
1034 3041 1171 3088 manus
1192 3033 1260 3084 vero

297 3121 487 3206 revinctae‚
512 3140 767 3210 coronamque
778 3118 980 3194 hominurn
993 3119 1207 3188 transiliens
1216 3136 1261 3182 ei

298 3219 435 3290 animis
462 3218 612 3290 decidit.
677 3219 786 3314 Quod
812 3243 900 3292 curn
918 3219 964 3304 qd
986 3239 1099 3288 aures
1117 3209 1297 3330 episcopi

296 3320 550 3412 persedisset,
581 3341 715 3415 regem
739 3319 868 3389 adiens
889 3321 1054 3415 graviter
1078 3309 1297 3408 increpuit,

298 3442 424 3512 usque
447 3443 492 3490 eo
519 3420 638 3490 donec
661 3420 708 3490 ad
733 3419 847 3512 pedes
873 3421 1044 3514 episcopi
1071 3419 1259 3511 procidens,

297 3541 386 3590 vera
405 3521 630 3612 poenitentia
653 3533 780 3596 motus
797 3521 947 3591 veniam
962 3521 1163 3592 humiliter
1185 3515 1259 3610 peti·

296 3622 369 3710 ιιι,
405 3620 790 3736 lacrimabundusque
816 3623 1007 3693 confessus
1030 3636 1107 3713 est,
1144 3644 1181 3691 se
1203 3619 1257 3686 hoc

299 3671 447 3792 crrideli
468 3721 636 3792 facinore
652 3722 816 3819 graviter
834 3725 876 3796 in
893 3739 1102 3840 conspectu
1117 3721 1174 3794 dei
1187 3713 1257 3786 deli

227 3821 437 3913 quisse.
490 3824 719 3915 Episcopus,
746 3823 846 3916 regis
862 3824 1127 3937 poenitentiam
1141 3813 1255 3894 intelli·

299 3939 413 4012 gens,
446 3924 676 4012 placabilem
699 3947 738 3992 se
758 3924 819 3994 dei
844 3925 1003 3994 nomine
1025 3923 1201 4016 praebuit,
1229 3911 1253 3982 ei
1295 4013 1296 4016 Ἴ

298 4035 428 4090 tamen
449 4045 602 4137 poenem
625 4024 923 4114 ecclesiasticam
945 4045 1017 4118 pro
1044 4025 1117 4096 hac
1142 4045 1180 4091 re
1204 4037 1253 4108 Pu·

297 4119 617 4228 bliceconstituit.
1295 4135 1296 4148 ¹
