<?xml version="1.0" encoding="UTF-8"?>
<!DOCTYPE html PUBLIC "-//W3C//DTD XHTML 1.0 Transitional//EN"
    "http://www.w3.org/TR/xhtml1/DTD/xhtml1-transitional.dtd">
<html xmlns="http://www.w3.org/1999/xhtml" xml:lang="en" lang="en">
 <head>
  <title>
</title>
<meta http-equiv="Content-Type" content="text/html;charset=utf-8" />
  <meta name='ocr-system' content='tesseract 3.04.00' />
  <meta name='ocr-capabilities' content='ocr_page ocr_carea ocr_par ocr_line ocrx_word'/>
</head>
<body>
  <div class='ocr_page' id='page_1' title='image "./scriptahistoric00egilgoog_0568.png"; bbox 0 0 2634 4682; ppageno 0'>
   <div class='ocr_carea' id='block_1_1' title="bbox 22 367 1009 494">
    <p class='ocr_par' dir='ltr' id='par_1_1' title="bbox 22 367 1009 494">
     <span class='ocr_line' id='line_1_1' title="bbox 22 367 1009 494; baseline 0.002 -18"><span class='ocrx_word' id='word_1_1' title='bbox 22 408 126 476; x_wconf 81' lang='lat' dir='ltr'><strong>nec.</strong></span> <span class='ocrx_word' id='word_1_2' title='bbox 381 409 653 494; x_wconf 41' lang='grc' dir='ltr'><strong>π,</strong></span> <span class='ocrx_word' id='word_1_3' title='bbox 717 389 720 398; x_wconf 77' lang='grc'><em>’</em></span> <span class='ocrx_word' id='word_1_4' title='bbox 807 367 943 478; x_wconf 68' lang='lat'><strong>&#39;221</strong></span> <span class='ocrx_word' id='word_1_5' title='bbox 1008 453 1009 460; x_wconf 16' lang='lat' dir='ltr'><strong>a</strong></span> 
     </span>
    </p>
   </div>
   <div class='ocr_carea' id='block_1_2' title="bbox 270 551 277 591">
    <p class='ocr_par' dir='ltr' id='par_1_2' title="bbox 270 551 277 591">
     <span class='ocr_line' id='line_1_2' title="bbox 270 551 277 591; baseline 0 0"><span class='ocrx_word' id='word_1_6' title='bbox 270 551 277 591; x_wconf 69' lang='grc' dir='ltr'><em>Ι</em></span> 
     </span>
    </p>
   </div>
   <div class='ocr_carea' id='block_1_3' title="bbox 25 613 1122 711">
    <p class='ocr_par' dir='ltr' id='par_1_3' title="bbox 25 613 1122 711">
     <span class='ocr_line' id='line_1_3' title="bbox 25 613 1122 711; baseline -0.005 -25"><span class='ocrx_word' id='word_1_7' title='bbox 25 613 453 691; x_wconf 86' lang='lat' dir='ltr'><strong>christianismonomen</strong></span> <span class='ocrx_word' id='word_1_8' title='bbox 468 613 601 690; x_wconf 80' lang='lat' dir='ltr'><strong>dantes</strong></span> <span class='ocrx_word' id='word_1_9' title='bbox 620 625 822 685; x_wconf 89' lang='lat' dir='ltr'><strong>uterentur</strong></span> <span class='ocrx_word' id='word_1_10' title='bbox 831 617 846 698; x_wconf 66' lang='grc' dir='ltr'><strong>ς’</strong></span> <span class='ocrx_word' id='word_1_11' title='bbox 869 616 1012 711; x_wconf 54' lang='lat' dir='ltr'><strong>Helius*</strong></span> <span class='ocrx_word' id='word_1_12' title='bbox 1119 701 1122 710; x_wconf 20' lang='lat' dir='ltr'>y</span> 
     </span>
    </p>
   </div>
   <div class='ocr_carea' id='block_1_4' title="bbox 11 715 1074 2928">
    <p class='ocr_par' dir='ltr' id='par_1_4' title="bbox 11 715 1074 2919">
     <span class='ocr_line' id='line_1_4' title="bbox 25 715 1009 808; baseline -0.004 -20"><span class='ocrx_word' id='word_1_13' title='bbox 25 733 148 790; x_wconf 87' lang='lat' dir='ltr'><strong>autern</strong></span> <span class='ocrx_word' id='word_1_14' title='bbox 160 719 234 786; x_wconf 90' lang='lat' dir='ltr'><strong>hoc</strong></span> <span class='ocrx_word' id='word_1_15' title='bbox 252 717 451 808; x_wconf 82' lang='lat' dir='ltr'><strong>negotium</strong></span> <span class='ocrx_word' id='word_1_16' title='bbox 469 715 521 782; x_wconf 89' lang='lat' dir='ltr'><strong>sic</strong></span> <span class='ocrx_word' id='word_1_17' title='bbox 540 737 561 782; x_wconf 93' lang='lat' dir='ltr'><strong>a</strong></span> <span class='ocrx_word' id='word_1_18' title='bbox 577 738 616 784; x_wconf 88' lang='lat' dir='ltr'><strong>se</strong></span> <span class='ocrx_word' id='word_1_19' title='bbox 635 717 794 802; x_wconf 89' lang='lat' dir='ltr'><strong>amovit,</strong></span> <span class='ocrx_word' id='word_1_20' title='bbox 822 730 867 785; x_wconf 92' lang='lat' dir='ltr'><strong>ut</strong></span> <span class='ocrx_word' id='word_1_21' title='bbox 884 717 1009 786; x_wconf 88' lang='lat' dir='ltr'><strong>Thor-</strong></span> 
     </span>
     <span class='ocr_line' id='line_1_5' title="bbox 26 815 1008 912; baseline -0.004 -24"><span class='ocrx_word' id='word_1_22' title='bbox 26 841 150 912; x_wconf 83' lang='lat' dir='ltr'><strong>gerem</strong></span> <span class='ocrx_word' id='word_1_23' title='bbox 164 817 527 910; x_wconf 83' lang='lat' dir='ltr'><strong>Ljosvetningornm</strong></span> <span class='ocrx_word' id='word_1_24' title='bbox 542 815 785 905; x_wconf 84' lang='lat' dir='ltr'><strong>pontificem,</strong></span> <span class='ocrx_word' id='word_1_25' title='bbox 820 815 894 883; x_wconf 86' lang='lat' dir='ltr'><strong>hoc</strong></span> <span class='ocrx_word' id='word_1_26' title='bbox 912 830 1008 884; x_wconf 84' lang='lat' dir='ltr'><strong>tem-</strong></span> 
     </span>
     <span class='ocr_line' id='line_1_6' title="bbox 26 916 1074 1011; baseline -0.003 -23"><span class='ocrx_word' id='word_1_27' title='bbox 26 943 111 1011; x_wconf 83' lang='lat' dir='ltr'>pore</span> <span class='ocrx_word' id='word_1_28' title='bbox 138 917 269 1004; x_wconf 74' lang='lat' dir='ltr'><strong>totiu&#39;s</strong></span> <span class='ocrx_word' id='word_1_29' title='bbox 286 917 421 985; x_wconf 88' lang='lat' dir='ltr'><strong>insulee</strong></span> <span class='ocrx_word' id='word_1_30' title='bbox 455 916 798 1008; x_wconf 86' lang='lat' dir='ltr'><strong>nomophylacem,</strong></span> <span class='ocrx_word' id='word_1_31' title='bbox 845 917 1012 1006; x_wconf 84' lang='lat' dir='ltr'><strong>pecunia</strong></span> <span class='ocrx_word' id='word_1_32' title='bbox 1068 916 1074 930; x_wconf 53' lang='lat'><strong>⁸</strong></span> 
     </span>
     <span class='ocr_line' id='line_1_7' title="bbox 28 1015 1009 1112; baseline -0.005 -23"><span class='ocrx_word' id='word_1_33' title='bbox 28 1019 270 1105; x_wconf 84' lang='lat' dir='ltr'><strong>conduceret,</strong></span> <span class='ocrx_word' id='word_1_34' title='bbox 297 1033 341 1086; x_wconf 88' lang='lat' dir='ltr'><strong>ut</strong></span> <span class='ocrx_word' id='word_1_35' title='bbox 357 1020 461 1109; x_wconf 79' lang='lat' dir='ltr'><strong>leges</strong></span> <span class='ocrx_word' id='word_1_36' title='bbox 487 1029 670 1112; x_wconf 83' lang='lat' dir='ltr'><strong>rogaret,</strong></span> <span class='ocrx_word' id='word_1_37' title='bbox 686 1015 899 1086; x_wconf 75' lang='lat' dir='ltr'><strong>christiana</strong></span> <span class='ocrx_word' id='word_1_38' title='bbox 919 1017 1009 1086; x_wconf 87' lang='lat' dir='ltr'><strong>reli-</strong></span> 
     </span>
     <span class='ocr_line' id='line_1_8' title="bbox 28 1115 1010 1212; baseline 0 -26"><span class='ocrx_word' id='word_1_39' title='bbox 28 1119 125 1212; x_wconf 82' lang='lat' dir='ltr'><strong>gioni</strong></span> <span class='ocrx_word' id='word_1_40' title='bbox 152 1141 249 1188; x_wconf 73' lang='lat' dir='ltr'><strong>cour</strong></span> <span class='ocrx_word' id='word_1_41' title='bbox 252 1120 442 1201; x_wconf 88' lang='lat' dir='ltr'><strong>ementes,</strong></span> <span class='ocrx_word' id='word_1_42' title='bbox 485 1117 661 1210; x_wconf 81' lang='lat' dir='ltr'><strong>Thorger</strong></span> <span class='ocrx_word' id='word_1_43' title='bbox 694 1115 817 1184; x_wconf 80' lang='lat' dir='ltr'><strong>adhuc</strong></span> <span class='ocrx_word' id='word_1_44' title='bbox 833 1117 1010 1189; x_wconf 75' lang='lat' dir='ltr'><strong>ethnicus</strong></span> 
     </span>
     <span class='ocr_line' id='line_1_9' title="bbox 29 1217 1027 1310; baseline -0.003 -22"><span class='ocrx_word' id='word_1_45' title='bbox 29 1233 123 1310; x_wconf 88' lang='lat' dir='ltr'><strong>erat,</strong></span> <span class='ocrx_word' id='word_1_46' title='bbox 156 1243 274 1310; x_wconf 90' lang='lat' dir='ltr'><strong>quem</strong></span> <span class='ocrx_word' id='word_1_47' title='bbox 301 1220 457 1304; x_wconf 62' lang='lat' dir='ltr'><strong>Halm,</strong></span> <span class='ocrx_word' id='word_1_48' title='bbox 490 1217 586 1289; x_wconf 85' lang='lat' dir='ltr'><strong>datis</strong></span> <span class='ocrx_word' id='word_1_49' title='bbox 614 1217 747 1286; x_wconf 88' lang='lat' dir='ltr'><strong>decem</strong></span> <span class='ocrx_word' id='word_1_50' title='bbox 766 1217 915 1308; x_wconf 79' lang='lat' dir='ltr'>argenti</span> <span class='ocrx_word' id='word_1_51' title='bbox 938 1243 1010 1286; x_wconf 86' lang='grc' dir='ltr'>ιιιι-</span> <span class='ocrx_word' id='word_1_52' title='bbox 1022 1287 1027 1310; x_wconf 43' lang='lat'><strong>¹</strong></span> 
     </span>
     <span class='ocr_line' id='line_1_10' title="bbox 29 1315 1053 1412; baseline -0.004 -22"><span class='ocrx_word' id='word_1_53' title='bbox 29 1321 110 1410; x_wconf 91' lang='lat' dir='ltr'><strong>ciis,</strong></span> <span class='ocrx_word' id='word_1_54' title='bbox 134 1315 181 1390; x_wconf 82' lang='lat' dir='ltr'><strong>eo</strong></span> <span class='ocrx_word' id='word_1_55' title='bbox 203 1319 423 1410; x_wconf 86' lang='lat' dir='ltr'><strong>perduxisse</strong></span> <span class='ocrx_word' id='word_1_56' title='bbox 446 1317 604 1405; x_wconf 90' lang='lat' dir='ltr'><strong>dicitur,</strong></span> <span class='ocrx_word' id='word_1_57' title='bbox 640 1318 833 1411; x_wconf 78' lang='lat' dir='ltr'><strong>haclege,</strong></span> <span class='ocrx_word' id='word_1_58' title='bbox 861 1332 907 1386; x_wconf 89' lang='lat' dir='ltr'><strong>ut</strong></span> <span class='ocrx_word' id='word_1_59' title='bbox 930 1333 1009 1386; x_wconf 88' lang='lat' dir='ltr'><strong>tres</strong></span> <span class='ocrx_word' id='word_1_60' title='bbox 1050 1396 1053 1412; x_wconf 86' lang='lat'><em>.</em></span> 
     </span>
     <span class='ocr_line' id='line_1_11' title="bbox 11 1407 1010 1508; baseline -0.002 -18"><span class='ocrx_word' id='word_1_61' title='bbox 11 1423 216 1508; x_wconf 84' lang='lat' dir='ltr'><strong>articulos,</strong></span> <span class='ocrx_word' id='word_1_62' title='bbox 242 1443 335 1508; x_wconf 88' lang='lat' dir='ltr'><strong>quos</strong></span> <span class='ocrx_word' id='word_1_63' title='bbox 353 1419 471 1490; x_wconf 89' lang='lat' dir='ltr'><strong>Gizur</strong></span> <span class='ocrx_word' id='word_1_64' title='bbox 491 1426 528 1486; x_wconf 86' lang='lat' dir='ltr'><strong>et</strong></span> <span class='ocrx_word' id='word_1_65' title='bbox 545 1419 712 1507; x_wconf 88' lang='lat' dir='ltr'><strong>Hjaltius</strong></span> <span class='ocrx_word' id='word_1_66' title='bbox 731 1407 941 1506; x_wconf 82' lang='lat' dir='ltr'><strong>dictarent,</strong></span> <span class='ocrx_word' id='word_1_67' title='bbox 955 1421 1010 1488; x_wconf 90' lang='lat' dir='ltr'><strong>le</strong></span> 
     </span>
     <span class='ocr_line' id='line_1_12' title="bbox 29 1516 1009 1614; baseline 0.001 -26"><span class='ocrx_word' id='word_1_68' title='bbox 29 1523 130 1614; x_wconf 84' lang='lat' dir='ltr'>gibus</span> <span class='ocrx_word' id='word_1_69' title='bbox 143 1517 346 1614; x_wconf 79' lang='lat' dir='ltr'><strong>rogandis</strong></span> <span class='ocrx_word' id='word_1_70' title='bbox 336 1516 539 1608; x_wconf 80' lang='lat' dir='ltr'><strong>insereret,</strong></span> <span class='ocrx_word' id='word_1_71' title='bbox 565 1535 691 1588; x_wconf 85' lang='lat' dir='ltr'><strong>cetera</strong></span> <span class='ocrx_word' id='word_1_72' title='bbox 699 1541 769 1608; x_wconf 91' lang='lat' dir='ltr'><strong>pro</strong></span> <span class='ocrx_word' id='word_1_73' title='bbox 785 1519 1009 1590; x_wconf 89' lang='lat' dir='ltr'><strong>lubitucon</strong></span> 
     </span>
     <span class='ocr_line' id='line_1_13' title="bbox 29 1619 1009 1709; baseline -0.001 -20"><span class='ocrx_word' id='word_1_74' title='bbox 29 1623 217 1698; x_wconf 79' lang='lat' dir='ltr'><strong>stitueret,</strong></span> <span class='ocrx_word' id='word_1_75' title='bbox 260 1621 414 1690; x_wconf 88' lang='lat' dir='ltr'><strong>Primus</strong></span> <span class='ocrx_word' id='word_1_76' title='bbox 429 1620 611 1690; x_wconf 80' lang='lat' dir='ltr'><strong>articulus</strong></span> <span class='ocrx_word' id='word_1_77' title='bbox 629 1633 726 1709; x_wconf 90' lang='lat' dir='ltr'><strong>erat,</strong></span> <span class='ocrx_word' id='word_1_78' title='bbox 755 1619 857 1709; x_wconf 90' lang='lat' dir='ltr'><strong>quod</strong></span> <span class='ocrx_word' id='word_1_79' title='bbox 874 1643 1009 1690; x_wconf 85' lang='lat' dir='ltr'><strong>omnes</strong></span> 
     </span>
     <span class='ocr_line' id='line_1_14' title="bbox 29 1719 1010 1810; baseline 0.001 -20"><span class='ocrx_word' id='word_1_80' title='bbox 29 1723 196 1793; x_wconf 90' lang='lat' dir='ltr'><strong>homines</strong></span> <span class='ocrx_word' id='word_1_81' title='bbox 209 1720 251 1788; x_wconf 91' lang='lat' dir='ltr'><strong>in</strong></span> <span class='ocrx_word' id='word_1_82' title='bbox 265 1721 430 1795; x_wconf 86' lang='lat' dir='ltr'><strong>Islandia</strong></span> <span class='ocrx_word' id='word_1_83' title='bbox 449 1721 757 1808; x_wconf 64' lang='lat' dir='ltr'><strong>christianicum,</strong></span> <span class='ocrx_word' id='word_1_84' title='bbox 785 1719 928 1810; x_wconf 89' lang='lat' dir='ltr'><strong>quique</strong></span> <span class='ocrx_word' id='word_1_85' title='bbox 946 1746 1010 1790; x_wconf 79' lang='lat' dir='ltr'><strong>an-</strong></span> 
     </span>
     <span class='ocr_line' id='line_1_15' title="bbox 30 1819 1009 1913; baseline -0.003 -21"><span class='ocrx_word' id='word_1_86' title='bbox 30 1838 83 1892; x_wconf 89' lang='lat' dir='ltr'><strong>tea</strong></span> <span class='ocrx_word' id='word_1_87' title='bbox 101 1847 182 1892; x_wconf 91' lang='lat' dir='ltr'><strong>non</strong></span> <span class='ocrx_word' id='word_1_88' title='bbox 206 1827 317 1894; x_wconf 85' lang='lat' dir='ltr'><strong>erant</strong></span> <span class='ocrx_word' id='word_1_89' title='bbox 336 1822 534 1913; x_wconf 85' lang='lat' dir='ltr'><strong>baptizati,</strong></span> <span class='ocrx_word' id='word_1_90' title='bbox 566 1823 755 1912; x_wconf 88' lang='lat' dir='ltr'><strong>baptismo</strong></span> <span class='ocrx_word' id='word_1_91' title='bbox 781 1819 926 1888; x_wconf 88' lang='lat' dir='ltr'><strong>initiari</strong></span> <span class='ocrx_word' id='word_1_92' title='bbox 946 1821 1009 1889; x_wconf 91' lang='lat' dir='ltr'><strong>de-</strong></span> 
     </span>
     <span class='ocr_line' id='line_1_16' title="bbox 30 1919 1010 2013; baseline -0.003 -21"><span class='ocrx_word' id='word_1_93' title='bbox 30 1924 176 2008; x_wconf 70' lang='lat' dir='ltr'><strong>berent,</strong></span> <span class='ocrx_word' id='word_1_94' title='bbox 193 1922 411 2012; x_wconf 70' lang='lat' dir='ltr'><strong>secundm,</strong></span> <span class='ocrx_word' id='word_1_95' title='bbox 439 1923 541 2013; x_wconf 91' lang='lat' dir='ltr'><strong>quod</strong></span> <span class='ocrx_word' id='word_1_96' title='bbox 555 1921 684 1991; x_wconf 88' lang='lat' dir='ltr'><strong>omnia</strong></span> <span class='ocrx_word' id='word_1_97' title='bbox 699 1919 785 1998; x_wconf 83' lang='lat' dir='ltr'><strong>fana</strong></span> <span class='ocrx_word' id='word_1_98' title='bbox 799 1935 837 1988; x_wconf 91' lang='lat' dir='ltr'><strong>et</strong></span> <span class='ocrx_word' id='word_1_99' title='bbox 855 1921 1010 1996; x_wconf 53' lang='lat' dir='ltr'><strong>simula*</strong></span> 
     </span>
     <span class='ocr_line' id='line_1_17' title="bbox 32 2021 1009 2116; baseline 0.003 -26"><span class='ocrx_word' id='word_1_100' title='bbox 32 2047 86 2093; x_wconf 89' lang='lat' dir='ltr'><strong>cra</strong></span> <span class='ocrx_word' id='word_1_101' title='bbox 102 2022 261 2115; x_wconf 84' lang='lat' dir='ltr'><strong>profane</strong></span> <span class='ocrx_word' id='word_1_102' title='bbox 277 2025 527 2116; x_wconf 68' lang='lat' dir='ltr'><strong>haberentur,</strong></span> <span class='ocrx_word' id='word_1_103' title='bbox 553 2023 713 2108; x_wconf 87' lang='lat' dir='ltr'><strong>tertius,</strong></span> <span class='ocrx_word' id='word_1_104' title='bbox 741 2021 843 2112; x_wconf 90' lang='lat' dir='ltr'><strong>quod</strong></span> <span class='ocrx_word' id='word_1_105' title='bbox 863 2023 1009 2116; x_wconf 81' lang='lat' dir='ltr'><strong>relega-</strong></span> 
     </span>
     <span class='ocr_line' id='line_1_18' title="bbox 30 2123 1010 2219; baseline 0.003 -29"><span class='ocrx_word' id='word_1_106' title='bbox 30 2126 135 2198; x_wconf 86' lang='lat' dir='ltr'><strong>tionis</strong></span> <span class='ocrx_word' id='word_1_107' title='bbox 160 2146 273 2216; x_wconf 88' lang='lat' dir='ltr'><strong>poena</strong></span> <span class='ocrx_word' id='word_1_108' title='bbox 300 2123 427 2195; x_wconf 84' lang='lat' dir='ltr'><strong>omnia</strong></span> <span class='ocrx_word' id='word_1_109' title='bbox 452 2123 637 2194; x_wconf 83' lang='lat' dir='ltr'><strong>sacrificia</strong></span> <span class='ocrx_word' id='word_1_110' title='bbox 664 2124 940 2219; x_wconf 82' lang='lat' dir='ltr'><strong>multarentur,</strong></span> <span class='ocrx_word' id='word_1_111' title='bbox 977 2124 1010 2193; x_wconf 90' lang='lat' dir='ltr'><strong>si</strong></span> 
     </span>
     <span class='ocr_line' id='line_1_19' title="bbox 31 2224 1013 2318; baseline 0 -26"><span class='ocrx_word' id='word_1_112' title='bbox 31 2226 183 2296; x_wconf 89' lang='lat' dir='ltr'><strong>testibus</strong></span> <span class='ocrx_word' id='word_1_113' title='bbox 196 2225 350 2318; x_wconf 83' lang='lat' dir='ltr'><strong>probari</strong></span> <span class='ocrx_word' id='word_1_114' title='bbox 367 2240 535 2315; x_wconf 87' lang='lat' dir='ltr'><strong>possent.</strong></span> <span class='ocrx_word' id='word_1_115' title='bbox 591 2224 690 2292; x_wconf 90' lang='lat' dir='ltr'><strong>Cum</strong></span> <span class='ocrx_word' id='word_1_116' title='bbox 717 2246 807 2290; x_wconf 88' lang='lat' dir='ltr'><strong>vero</strong></span> <span class='ocrx_word' id='word_1_117' title='bbox 834 2225 1013 2317; x_wconf 75' lang='lat' dir='ltr'><strong>Tho&#39;rger</strong></span> 
     </span>
     <span class='ocr_line' id='line_1_20' title="bbox 31 2315 1011 2415; baseline 0.002 -23"><span class='ocrx_word' id='word_1_118' title='bbox 31 2325 290 2406; x_wconf 86' lang='lat' dir='ltr'><strong>intentorium</strong></span> <span class='ocrx_word' id='word_1_119' title='bbox 308 2315 422 2404; x_wconf 83' lang='lat' dir='ltr'><strong>suurn</strong></span> <span class='ocrx_word' id='word_1_120' title='bbox 434 2326 621 2412; x_wconf 88' lang='lat' dir='ltr'><strong>venisset,</strong></span> <span class='ocrx_word' id='word_1_121' title='bbox 653 2324 856 2413; x_wconf 83' lang='lat' dir='ltr'><strong>decubuit,</strong></span> <span class='ocrx_word' id='word_1_122' title='bbox 884 2326 1011 2415; x_wconf 86' lang='lat' dir='ltr'><strong>capite</strong></span> 
     </span>
     <span class='ocr_line' id='line_1_21' title="bbox 31 2423 1009 2516; baseline -0.005 -20"><span class='ocrx_word' id='word_1_123' title='bbox 31 2429 122 2515; x_wconf 87' lang='lat' dir='ltr'><strong>pelle</strong></span> <span class='ocrx_word' id='word_1_124' title='bbox 137 2427 337 2513; x_wconf 88' lang='lat' dir='ltr'><strong>obvoluto,</strong></span> <span class='ocrx_word' id='word_1_125' title='bbox 364 2427 495 2516; x_wconf 89' lang='lat' dir='ltr'><strong>sicque</strong></span> <span class='ocrx_word' id='word_1_126' title='bbox 517 2423 619 2496; x_wconf 89' lang='lat' dir='ltr'><strong>diem</strong></span> <span class='ocrx_word' id='word_1_127' title='bbox 632 2439 863 2514; x_wconf 83' lang='lat' dir='ltr'><strong>noctemque</strong></span> <span class='ocrx_word' id='word_1_128' title='bbox 876 2425 1009 2514; x_wconf 86' lang='lat' dir='ltr'><strong>jacuit,</strong></span> 
     </span>
     <span class='ocr_line' id='line_1_22' title="bbox 32 2525 1010 2618; baseline 0 -24"><span class='ocrx_word' id='word_1_129' title='bbox 32 2550 74 2596; x_wconf 89' lang='lat' dir='ltr'><strong>ne</strong></span> <span class='ocrx_word' id='word_1_130' title='bbox 88 2529 253 2598; x_wconf 83' lang='lat' dir='ltr'><strong>verbum</strong></span> <span class='ocrx_word' id='word_1_131' title='bbox 276 2527 433 2618; x_wconf 88' lang='lat' dir='ltr'><strong>quidem</strong></span> <span class='ocrx_word' id='word_1_132' title='bbox 454 2525 662 2617; x_wconf 78' lang='lat' dir='ltr'><strong>proferens.</strong></span> <span class='ocrx_word' id='word_1_133' title='bbox 717 2525 867 2594; x_wconf 84' lang='lat' dir='ltr'><strong>Interea</strong></span> <span class='ocrx_word' id='word_1_134' title='bbox 884 2525 1010 2594; x_wconf 85' lang='lat' dir='ltr'><strong>ethni</strong></span> 
     </span>
     <span class='ocr_line' id='line_1_23' title="bbox 34 2616 1046 2735; baseline 0.002 -41"><span class='ocrx_word' id='word_1_135' title='bbox 34 2629 79 2716; x_wconf 89' lang='lat' dir='ltr'><strong>ci,</strong></span> <span class='ocrx_word' id='word_1_136' title='bbox 103 2628 296 2735; x_wconf 80' lang='lat' dir='ltr'><strong>frequenti</strong></span> <span class='ocrx_word' id='word_1_137' title='bbox 311 2626 440 2698; x_wconf 87' lang='lat' dir='ltr'><strong>habito</strong></span> <span class='ocrx_word' id='word_1_138' title='bbox 457 2626 642 2715; x_wconf 86' lang='lat' dir='ltr'><strong>concilio,</strong></span> <span class='ocrx_word' id='word_1_139' title='bbox 670 2625 827 2694; x_wconf 88' lang='lat' dir='ltr'><strong>consilia</strong></span> <span class='ocrx_word' id='word_1_140' title='bbox 839 2649 907 2694; x_wconf 88' lang='lat' dir='ltr'><strong>sua</strong></span> <span class='ocrx_word' id='word_1_141' title='bbox 924 2649 1011 2696; x_wconf 87' lang='lat' dir='ltr'><strong>con</strong></span> <span class='ocrx_word' id='word_1_142' title='bbox 1044 2616 1046 2624; x_wconf 63' lang='grc'><em>’</em></span> 
     </span>
     <span class='ocr_line' id='line_1_24' title="bbox 32 2725 1013 2842; baseline 0.003 -48"><span class='ocrx_word' id='word_1_143' title='bbox 32 2725 170 2819; x_wconf 86' lang='lat' dir='ltr'><strong>ferunt,</strong></span> <span class='ocrx_word' id='word_1_144' title='bbox 206 2752 281 2820; x_wconf 93' lang='lat' dir='ltr'><strong>quo</strong></span> <span class='ocrx_word' id='word_1_145' title='bbox 299 2743 417 2842; x_wconf 37' lang='lat' dir='ltr'><strong>pacto·</strong></span> <span class='ocrx_word' id='word_1_146' title='bbox 430 2727 520 2798; x_wconf 88' lang='lat' dir='ltr'><strong>huic</strong></span> <span class='ocrx_word' id='word_1_147' title='bbox 538 2751 645 2796; x_wconf 86' lang='lat' dir='ltr'><strong>novae</strong></span> <span class='ocrx_word' id='word_1_148' title='bbox 663 2725 842 2840; x_wconf 83' lang='lat' dir='ltr'><strong>religioni</strong></span> <span class='ocrx_word' id='word_1_149' title='bbox 862 2728 1013 2797; x_wconf 87' lang='lat' dir='ltr'><strong>resiste-</strong></span> 
     </span>
     <span class='ocr_line' id='line_1_25' title="bbox 33 2826 1011 2928; baseline -0.003 -30"><span class='ocrx_word' id='word_1_150' title='bbox 33 2844 110 2898; x_wconf 88' lang='lat' dir='ltr'><strong>rent</strong></span> <span class='ocrx_word' id='word_1_151' title='bbox 133 2851 294 2919; x_wconf 87' lang='lat' dir='ltr'><strong>eamque</strong></span> <span class='ocrx_word' id='word_1_152' title='bbox 310 2829 609 2928; x_wconf 85' lang='lat' dir='ltr'><strong>opprimerent,</strong></span> <span class='ocrx_word' id='word_1_153' title='bbox 619 2826 798 2898; x_wconf 89' lang='lat' dir='ltr'><strong>convenit</strong></span> <span class='ocrx_word' id='word_1_154' title='bbox 813 2826 915 2898; x_wconf 86' lang='lat' dir='ltr'><strong>inter</strong></span> <span class='ocrx_word' id='word_1_155' title='bbox 933 2851 1011 2918; x_wconf 85' lang='lat' dir='ltr'><strong>eos,</strong></span> 
     </span>
    </p>
   </div>
   <div class='ocr_carea' id='block_1_5' title="bbox 34 2922 1175 3123">
    <p class='ocr_par' dir='ltr' id='par_1_5' title="bbox 34 2922 1175 3123">
     <span class='ocr_line' id='line_1_26' title="bbox 34 2922 1120 3043; baseline 0.001 -45"><span class='ocrx_word' id='word_1_156' title='bbox 34 2945 72 2998; x_wconf 86' lang='lat' dir='ltr'><strong>ut</strong></span> <span class='ocrx_word' id='word_1_157' title='bbox 89 2945 176 3014; x_wconf 81' lang='lat' dir='ltr'><strong>roto</strong></span> <span class='ocrx_word' id='word_1_158' title='bbox 195 2931 357 3001; x_wconf 82' lang='lat' dir='ltr'><strong>firmiter</strong></span> <span class='ocrx_word' id='word_1_159' title='bbox 380 2942 626 3043; x_wconf 85' lang='lat' dir='ltr'><strong>nuncupato,</strong></span> <span class='ocrx_word' id='word_1_160' title='bbox 651 2928 739 2997; x_wconf 88' lang='lat' dir='ltr'><strong>duo</strong></span> <span class='ocrx_word' id='word_1_161' title='bbox 763 2949 809 2996; x_wconf 90' lang='lat' dir='ltr'><strong>ex</strong></span> <span class='ocrx_word' id='word_1_162' title='bbox 840 2929 1013 3020; x_wconf 78' lang='lat' dir='ltr'><strong>quolibet</strong></span> <span class='ocrx_word' id='word_1_163' title='bbox 1117 2922 1120 2932; x_wconf 75' lang='grc'><em>’</em></span> 
     </span>
     <span class='ocr_line' id='line_1_27' title="bbox 34 3028 1175 3123; baseline -0.004 -23"><span class='ocrx_word' id='word_1_164' title='bbox 34 3030 159 3105; x_wconf 84' lang='lat' dir='ltr'><strong>insulae</strong></span> <span class='ocrx_word' id='word_1_165' title='bbox 180 3031 435 3122; x_wconf 89' lang='lat' dir='ltr'><strong>quadrante</strong></span> <span class='ocrx_word' id='word_1_166' title='bbox 403 3053 501 3102; x_wconf 86' lang='lat' dir='ltr'><strong>vrros</strong></span> <span class='ocrx_word' id='word_1_167' title='bbox 518 3030 718 3123; x_wconf 82' lang='lat' dir='ltr'><strong>eligerent</strong></span> <span class='ocrx_word' id='word_1_168' title='bbox 728 3028 798 3098; x_wconf 91' lang='lat' dir='ltr'><strong>diis</strong></span> <span class='ocrx_word' id='word_1_169' title='bbox 813 3028 1012 3111; x_wconf 80' lang='lat' dir='ltr'><strong>immolari</strong></span> <span class='ocrx_word' id='word_1_170' title='bbox 1070 3042 1089 3096; x_wconf 60' lang='lat' dir='ltr'><strong>‘a</strong></span> <span class='ocrx_word' id='word_1_171' title='bbox 1162 3070 1175 3084; x_wconf 52' lang='grc' dir='ltr'>ι</span> 
     </span>
    </p>
   </div>
   <div class='ocr_carea' id='block_1_6' title="bbox 35 3123 1071 3932">
    <p class='ocr_par' dir='ltr' id='par_1_6' title="bbox 35 3123 1071 3932">
     <span class='ocr_line' id='line_1_28' title="bbox 36 3123 1024 3224; baseline 0.003 -26"><span class='ocrx_word' id='word_1_172' title='bbox 36 3129 110 3221; x_wconf 89' lang='lat' dir='ltr'><strong>dos,</strong></span> <span class='ocrx_word' id='word_1_173' title='bbox 148 3155 198 3201; x_wconf 90' lang='lat' dir='ltr'><strong>ne</strong></span> <span class='ocrx_word' id='word_1_174' title='bbox 226 3123 487 3224; x_wconf 81' lang='lat' dir='ltr'><strong>religionein</strong></span> <span class='ocrx_word' id='word_1_175' title='bbox 476 3155 529 3206; x_wconf 83' lang='grc' dir='ltr'><strong>ιιι</strong></span> <span class='ocrx_word' id='word_1_176' title='bbox 536 3147 639 3200; x_wconf 87' lang='lat' dir='ltr'><strong>terra</strong></span> <span class='ocrx_word' id='word_1_177' title='bbox 658 3130 890 3202; x_wconf 83' lang='lat' dir='ltr'><strong>invalescere</strong></span> <span class='ocrx_word' id='word_1_178' title='bbox 906 3143 1013 3220; x_wconf 88' lang='lat' dir='ltr'><strong>pate·</strong></span> <span class='ocrx_word' id='word_1_179' title='bbox 1021 3197 1024 3202; x_wconf 86' lang='lat'>.</span> 
     </span>
     <span class='ocr_line' id='line_1_29' title="bbox 35 3228 1014 3326; baseline 0.004 -30"><span class='ocrx_word' id='word_1_180' title='bbox 35 3247 170 3304; x_wconf 87' lang='lat' dir='ltr'><strong>rentur.</strong></span> <span class='ocrx_word' id='word_1_181' title='bbox 223 3237 308 3326; x_wconf 82' lang='lat' dir='ltr'><strong>Quo</strong></span> <span class='ocrx_word' id='word_1_182' title='bbox 322 3231 496 3325; x_wconf 83' lang='lat' dir='ltr'><strong>cognito,</strong></span> <span class='ocrx_word' id='word_1_183' title='bbox 521 3232 639 3302; x_wconf 89' lang='lat' dir='ltr'><strong>Gizur</strong></span> <span class='ocrx_word' id='word_1_184' title='bbox 654 3228 860 3316; x_wconf 84' lang='lat' dir='ltr'><strong>&amp;Hjaltius</strong></span> <span class='ocrx_word' id='word_1_185' title='bbox 880 3251 1014 3302; x_wconf 84' lang='lat' dir='ltr'><strong>omnes</strong></span> 
     </span>
     <span class='ocr_line' id='line_1_30' title="bbox 37 3324 1013 3422; baseline 0.002 -24"><span class='ocrx_word' id='word_1_186' title='bbox 37 3324 252 3404; x_wconf 87' lang='lat' dir='ltr'><strong>christianos</strong></span> <span class='ocrx_word' id='word_1_187' title='bbox 282 3347 509 3419; x_wconf 81' lang='lat' dir='ltr'><strong>convocant3</strong></span> <span class='ocrx_word' id='word_1_188' title='bbox 545 3329 713 3418; x_wconf 84' lang='lat' dir='ltr'><strong>Hjaltius</strong></span> <span class='ocrx_word' id='word_1_189' title='bbox 743 3349 942 3422; x_wconf 77' lang='lat' dir='ltr'><strong>surgenS,</strong></span> <span class='ocrx_word' id='word_1_190' title='bbox 943 3330 1013 3400; x_wconf 82' lang='lat' dir='ltr'><strong>ita</strong></span> 
     </span>
     <span class='ocr_line' id='line_1_31' title="bbox 36 3429 1040 3510; baseline 0 -13"><span class='ocrx_word' id='word_1_191' title='bbox 36 3429 145 3502; x_wconf 88' lang='lat' dir='ltr'><strong>fatur:</strong></span> <span class='ocrx_word' id='word_1_192' title='bbox 171 3437 331 3510; x_wconf 84' lang='lat' dir='ltr'><strong>allatum</strong></span> <span class='ocrx_word' id='word_1_193' title='bbox 341 3447 404 3502; x_wconf 87' lang='lat' dir='ltr'><strong>est</strong></span> <span class='ocrx_word' id='word_1_194' title='bbox 419 3434 528 3503; x_wconf 89' lang='lat' dir='ltr'><strong>nobis</strong></span> <span class='ocrx_word' id='word_1_195' title='bbox 545 3457 590 3504; x_wconf 86' lang='lat' dir='ltr'><strong>ex</strong></span> <span class='ocrx_word' id='word_1_196' title='bbox 607 3429 768 3502; x_wconf 88' lang='lat' dir='ltr'><strong>concilio</strong></span> <span class='ocrx_word' id='word_1_197' title='bbox 785 3431 1013 3502; x_wconf 86' lang='lat' dir='ltr'><strong>adversario-</strong></span> <span class='ocrx_word' id='word_1_198' title='bbox 1029 3473 1040 3508; x_wconf 46' lang='grc' dir='ltr'>ι</span> 
     </span>
     <span class='ocr_line' id='line_1_32' title="bbox 37 3528 1024 3622; baseline -0.002 -22"><span class='ocrx_word' id='word_1_199' title='bbox 37 3553 118 3606; x_wconf 83' lang='grc' dir='ltr'>ιιιιιι</span> <span class='ocrx_word' id='word_1_200' title='bbox 137 3549 376 3622; x_wconf 85' lang='lat' dir='ltr'><strong>nostrorum,</strong></span> <span class='ocrx_word' id='word_1_201' title='bbox 409 3535 553 3606; x_wconf 80' lang='lat' dir='ltr'><strong>vovisse</strong></span> <span class='ocrx_word' id='word_1_202' title='bbox 579 3528 750 3607; x_wconf 89' lang='lat' dir='ltr'><strong>ethnicos</strong></span> <span class='ocrx_word' id='word_1_203' title='bbox 764 3531 835 3600; x_wconf 83' lang='lat' dir='ltr'><strong>diis·</strong></span> <span class='ocrx_word' id='word_1_204' title='bbox 854 3532 928 3600; x_wconf 91' lang='lat' dir='ltr'><strong>duo</strong></span> <span class='ocrx_word' id='word_1_205' title='bbox 946 3533 1024 3608; x_wconf 85' lang='lat' dir='ltr'><strong>ho-.</strong></span> 
     </span>
     <span class='ocr_line' id='line_1_33' title="bbox 38 3631 1012 3734; baseline 0.002 -34"><span class='ocrx_word' id='word_1_206' title='bbox 38 3635 150 3706; x_wconf 87' lang='lat' dir='ltr'><strong>mines</strong></span> <span class='ocrx_word' id='word_1_207' title='bbox 171 3660 216 3704; x_wconf 85' lang='lat' dir='ltr'><strong>ex</strong></span> <span class='ocrx_word' id='word_1_208' title='bbox 232 3633 406 3726; x_wconf 89' lang='lat' dir='ltr'><strong>quolibet</strong></span> <span class='ocrx_word' id='word_1_209' title='bbox 421 3631 825 3734; x_wconf 73' lang='lat' dir='ltr'><strong>quadrante-sacrificii</strong></span> <span class='ocrx_word' id='word_1_210' title='bbox 840 3633 926 3700; x_wconf 92' lang='lat' dir='ltr'><strong>loco</strong></span> <span class='ocrx_word' id='word_1_211' title='bbox 941 3632 1012 3703; x_wconf 86' lang='lat' dir='ltr'><strong>im-</strong></span> 
     </span>
     <span class='ocr_line' id='line_1_34' title="bbox 39 3733 1014 3826; baseline 0 -24"><span class='ocrx_word' id='word_1_212' title='bbox 39 3735 237 3826; x_wconf 75' lang='lat' dir='ltr'><strong>molandOS,</strong></span> <span class='ocrx_word' id='word_1_213' title='bbox 256 3750 301 3806; x_wconf 88' lang='lat' dir='ltr'><strong>ut</strong></span> <span class='ocrx_word' id='word_1_214' title='bbox 310 3735 454 3804; x_wconf 83' lang='lat' dir='ltr'><strong>auxilio</strong></span> <span class='ocrx_word' id='word_1_215' title='bbox 466 3735 650 3806; x_wconf 89' lang='lat' dir='ltr'><strong>falsorum</strong></span> <span class='ocrx_word' id='word_1_216' title='bbox 667 3733 828 3802; x_wconf 86' lang='lat' dir='ltr'><strong>deorum</strong></span> <span class='ocrx_word' id='word_1_217' title='bbox 841 3733 1014 3802; x_wconf 85' lang='lat' dir='ltr'><strong>christia-</strong></span> 
     </span>
     <span class='ocr_line' id='line_1_35' title="bbox 39 3833 1071 3932; baseline -0.001 -32"><span class='ocrx_word' id='word_1_218' title='bbox 39 3855 120 3902; x_wconf 91' lang='lat' dir='ltr'><strong>nam</strong></span> <span class='ocrx_word' id='word_1_219' title='bbox 139 3837 367 3930; x_wconf 84' lang='lat' dir='ltr'><strong>religionem</strong></span> <span class='ocrx_word' id='word_1_220' title='bbox 388 3835 627 3932; x_wconf 77' lang='lat' dir='ltr'><strong>exstinguere</strong></span> <span class='ocrx_word' id='word_1_221' title='bbox 653 3848 691 3902; x_wconf 90' lang='lat' dir='ltr'><strong>et</strong></span> <span class='ocrx_word' id='word_1_222' title='bbox 709 3833 906 3908; x_wconf 88' lang='lat' dir='ltr'><strong>destruere</strong></span> <span class='ocrx_word' id='word_1_223' title='bbox 928 3855 1013 3922; x_wconf 83' lang='lat' dir='ltr'><strong>pos·</strong></span> <span class='ocrx_word' id='word_1_224' title='bbox 1069 3841 1071 3848; x_wconf 83' lang='lat'>&#39;</span> 
     </span>
    </p>
   </div>
   <div class='ocr_carea' id='block_1_7' title="bbox 41 3933 1153 4027">
    <p class='ocr_par' dir='ltr' id='par_1_7' title="bbox 41 3933 1153 4027">
     <span class='ocr_line' id='line_1_36' title="bbox 41 3933 1153 4027; baseline 0.003 -30"><span class='ocrx_word' id='word_1_225' title='bbox 41 3933 125 4020; x_wconf 71' lang='lat' dir='ltr'><strong>sint,</strong></span> <span class='ocrx_word' id='word_1_226' title='bbox 160 3939 244 4027; x_wconf 89' lang='lat' dir='ltr'><strong>sed,</strong></span> <span class='ocrx_word' id='word_1_227' title='bbox 271 3952 315 4006; x_wconf 92' lang='lat' dir='ltr'><strong>ut</strong></span> <span class='ocrx_word' id='word_1_228' title='bbox 338 3962 431 4024; x_wconf 70' lang='lat' dir='ltr'><strong>uera</strong></span> <span class='ocrx_word' id='word_1_229' title='bbox 448 3939 587 4025; x_wconf 86' lang='lat' dir='ltr'><strong>dicam,</strong></span> <span class='ocrx_word' id='word_1_230' title='bbox 607 3937 684 4004; x_wconf 84' lang='lat' dir='ltr'><strong>tali</strong></span> <span class='ocrx_word' id='word_1_231' title='bbox 698 3934 840 4001; x_wconf 89' lang='lat' dir='ltr'><strong>diaboli</strong></span> <span class='ocrx_word' id='word_1_232' title='bbox 854 3933 1012 4012; x_wconf 76' lang='lat' dir='ltr'><strong>oonsnio</strong></span> <span class='ocrx_word' id='word_1_233' title='bbox 1074 3933 1077 3936; x_wconf 76' lang='grc'><strong>’</strong></span> <span class='ocrx_word' id='word_1_234' title='bbox 1149 3969 1153 4000; x_wconf 60' lang='lat'><strong>1.</strong></span> 
     </span>
    </p>
   </div>
   <div class='ocr_carea' id='block_1_8' title="bbox 42 4036 1023 4338">
    <p class='ocr_par' dir='ltr' id='par_1_8' title="bbox 42 4036 1023 4338">
     <span class='ocr_line' id='line_1_37' title="bbox 42 4036 1015 4131; baseline -0.001 -29"><span class='ocrx_word' id='word_1_235' title='bbox 42 4047 75 4100; x_wconf 81' lang='lat' dir='ltr'><strong>et</strong></span> <span class='ocrx_word' id='word_1_236' title='bbox 91 4036 240 4131; x_wconf 82' lang='lat' dir='ltr'><strong>hortatu</strong></span> <span class='ocrx_word' id='word_1_237' title='bbox 256 4049 413 4128; x_wconf 73' lang='lat' dir='ltr'><strong>operam</strong></span> <span class='ocrx_word' id='word_1_238' title='bbox 429 4039 531 4125; x_wconf 91' lang='lat' dir='ltr'><strong>dant,</strong></span> <span class='ocrx_word' id='word_1_239' title='bbox 550 4051 601 4116; x_wconf 47' lang='lat' dir='ltr'><strong>¹ut</strong></span> <span class='ocrx_word' id='word_1_240' title='bbox 615 4037 779 4104; x_wconf 86' lang='lat' dir='ltr'><strong>salutern</strong></span> <span class='ocrx_word' id='word_1_241' title='bbox 796 4036 1015 4102; x_wconf 88' lang='lat' dir='ltr'><strong>animorum</strong></span> 
     </span>
     <span class='ocr_line' id='line_1_38' title="bbox 42 4135 1023 4230; baseline 0 -28"><span class='ocrx_word' id='word_1_242' title='bbox 42 4153 188 4206; x_wconf 86' lang='lat' dir='ltr'><strong>suorum</strong></span> <span class='ocrx_word' id='word_1_243' title='bbox 203 4135 377 4230; x_wconf 87' lang='lat' dir='ltr'><strong>perdant.</strong></span> <span class='ocrx_word' id='word_1_244' title='bbox 406 4159 407 4166; x_wconf 53' lang='lat'>¹</span> <span class='ocrx_word' id='word_1_245' title='bbox 433 4137 575 4210; x_wconf 87' lang='lat' dir='ltr'><strong>Contra</strong></span> <span class='ocrx_word' id='word_1_246' title='bbox 591 4162 634 4206; x_wconf 91' lang='lat' dir='ltr'><strong>ea</strong></span> <span class='ocrx_word' id='word_1_247' title='bbox 650 4159 728 4204; x_wconf 91' lang='lat' dir='ltr'><strong>non</strong></span> <span class='ocrx_word' id='word_1_248' title='bbox 742 4135 1023 4214; x_wconf 67' lang='lat' dir='ltr'><strong>inconveniens</strong></span> 
     </span>
     <span class='ocr_line' id='line_1_39' title="bbox 42 4233 1014 4338; baseline 0.001 -39"><span class='ocrx_word' id='word_1_249' title='bbox 42 4233 201 4338; x_wconf 70' lang='lat' dir='ltr'><strong>ridetur,</strong></span> <span class='ocrx_word' id='word_1_250' title='bbox 228 4253 281 4334; x_wconf 60' lang='lat' dir='ltr'><strong>,ut</strong></span> <span class='ocrx_word' id='word_1_251' title='bbox 302 4263 370 4309; x_wconf 88' lang='lat' dir='ltr'><strong>nos</strong></span> <span class='ocrx_word' id='word_1_252' title='bbox 398 4239 596 4322; x_wconf 83' lang='lat' dir='ltr'><strong>christiani</strong></span> <span class='ocrx_word' id='word_1_253' title='bbox 619 4235 788 4312; x_wconf 85' lang='lat' dir='ltr'><strong>totidem¹</strong></span> <span class='ocrx_word' id='word_1_254' title='bbox 801 4234 1014 4328; x_wconf 80' lang='lat' dir='ltr'><strong>deligamus</strong></span> 
     </span>
    </p>
   </div>
   <div class='ocr_carea' id='block_1_9' title="bbox 0 0 1343 4682">
    <p class='ocr_par' dir='ltr' id='par_1_9' title="bbox 0 0 1343 4682">
     <span class='ocr_line' id='line_1_40' title="bbox 0 0 1343 4682; baseline 0 0"><span class='ocrx_word' id='word_1_255' title='bbox 0 0 1343 4682; x_wconf 95' lang='lat' dir='ltr'><strong> </strong></span> 
     </span>
    </p>
   </div>
  </div>
 </body>
</html>
