2634 4682
346 331 437 426 152
633 310 907 390 --'···
978 263 1043 360 Ῠ
1154 356 1253 425 rac.

188 559 192 576 '
281 573 356 649 est,
402 573 447 628 ut
478 558 586 634 nobis
614 557 801 652 fratribus¹
825 555 1047 652 permittas,
1089 577 1256 648 quorsum

231 675 233 690 '
279 662 355 731 iter
375 675 551 730 nostrum
583 660 813 754 dirigamus,
855 683 930 752 quo
955 679 1137 730 concesso
1160 659 1256 742 bene,

280 774 326 832 ut
341 759 531 848 meruisti,
555 774 685 830 tecum
695 775 852 854 agetur,
877 761 996 830 altera
1016 757 1186 826 conditio
1202 771 1258 843 est,

280 872 327 930 ut
344 873 381 927 te
401 859 537 928 vinciri
562 861 738 950 patiaris5
776 861 910 947 tertia,
950 873 995 926 ut
1010 871 1051 926 te
1069 857 1260 927 interficia-

281 981 377 1029 mus.
430 957 606 1032 Harekus
612 979 805 1072 ⁸cernens,
846 980 922 1050 quo
943 955 984 1026 in
1005 968 1107 1024 statu
1127 977 1188 1036 res
1204 976 1262 1022 sua

282 1070 397 1145 esset,
436 1079 507 1125 nec
524 1079 563 1125 se
582 1058 658 1126 nisr
646 1057 837 1130 fratrum
853 1055 964 1127 alteri
978 1055 1191 1148 pugnando
1207 1075 1261 1144 pa-

281 1166 385 1244 rem,
412 1179 444 1226 sr
432 1157 505 1228 ab
524 1159 639 1226 armis
656 1159 800 1250 pariter
818 1171 943 1227 essent
957 1155 1103 1248 parati,
1144 1154 1262 1224 condi

204 1312 208 1359 i
281 1258 430 1327 tionem
448 1256 585 1349 elegit,
625 1281 708 1349 quae
723 1260 759 1328 ei
773 1258 918 1349 optima
933 1257 1012 1327 visa
1028 1269 1108 1344 est,
1135 1269 1183 1324 ut
1195 1256 1264 1322 illis

281 1357 355 1432 iter
373 1357 617 1450 dirigendum
629 1359 888 1451 relinqueret,
913 1358 1094 1449 adquam
1111 1380 1196 1426 rem
1212 1356 1264 1441 ju-

279 1458 484 1556 rejurando
511 1458 629 1530 fidem
658 1469 769 1530 suein
803 1459 881 1528 illis
912 1456 1133 1528 obstrinxit.
1188 1459 1264 1550 Quo

279 1543 401 1646 latio,
451 1559 635 1652 Sigurdus
666 1559 714 1628 ad
739 1560 1047 1654 gubernaculum
1076 1557 1265 1643 accedens,

283 1682 439 1731 cursum
456 1659 657 1730 meridiem
678 1683 809 1730 versus
834 1662 942 1749 juxta
965 1659 1096 1728 littora
1120 1659 1264 1744 direxit,

194 1845 199 1860 ἱ
219 1745 223 1752 “
282 1759 323 1830 id
344 1781 512 1829 unacum
525 1759 643 1831 fratre
661 1762 794 1831 sedulo
810 1784 961 1848 cavens,
985 1759 1128 1830 necubi
1145 1759 1266 1828 horni-

282 1883 349 1932 nes
367 1859 624 1932 convenirent.
678 1860 810 1935 Ventis
834 1863 894 1932 usi
916 1861 1082 1930 maxime
1105 1867 1267 1930 commo·

284 1959 340 2032 dis
363 1964 401 2028 et
420 1959 616 2049 facilibus,
655 1957 795 2034 itinere
821 1987 902 2033 non
927 1960 1129 2050 destitere,
1169 1975 1267 2028 ante-

284 2083 400 2154 quam
415 2061 457 2130 in
474 2062 808 2138 Thrandheimurn
826 2086 949 2156 usque
967 2062 1084 2152 veui,
1113 2060 1267 2133 Nidaro·

283 2161 380 2230 siam
403 2163 657 2252 appulerunt,
696 2163 763 2234 ubi
786 2185 919 2258 regern
942 2163 1110 2232 Olavum
1137 2182 1267 2231 conve-

282 2276 435 2334 nerunt.
452 2267 661 2337 *Vocatum
680 2265 728 2334 ad
743 2264 1190 2357 colloquiumHarelrum
1206 2285 1268 2330 rex
1312 2275 1313 2286 ¹

281 2362 406 2450 jussit,
432 2377 477 2429 ut
493 2365 672 2454 baptismi
686 2366 800 2434 sacris
815 2368 931 2435 vellet
945 2363 1103 2433 initiari.
1150 2367 1266 2434 Hare-

282 2462 353 2532 kus
372 2463 640 2556 tergiversatus
658 2480 725 2539 est.
777 2469 858 2538 Rex
884 2481 921 2534 et
938 2465 1118 2536 Harekus
1133 2463 1206 2531 hac
1225 2463 1268 2531 de

187 2623 191 2628 .
282 2585 324 2635 re
352 2585 420 2652 per
447 2566 577 2653 plures
606 2566 686 2634 dies
716 2567 898 2640 collocuti
915 2575 1034 2653 sunt,
1073 2565 1268 2634 interdum

179 4247 188 4284 (

282 2663 373 2750 soli,
399 2664 594 2736 interdurn
606 2668 858 2778 praesentibus
876 2666 959 2735 aliis
974 2665 1181 2757 plurimis,
1216 2679 1267 2732 at·

282 2776 413 2837 tarneu
439 2764 539 2838 inter
560 2790 626 2835 eos
651 2791 729 2840 non
755 2767 939 2837 convenit
996 2766 1171 2843 Tandem
1195 2769 1267 2836 Ha·

283 2863 375 2932 reko
394 2888 460 2932 rex
479 2865 996 2954 dixitz'·]amdomumab1to,
1017 2889 1147 2958 neque
1165 2868 1266 2934 enim

282 2964 354 3036 tibi
370 2964 499 3042 damni
513 2967 723 3059 quidquam
738 2967 880 3040 inferre
895 2968 996 3055 volo,
1021 2968 1150 3058 primo
1168 2966 1281 3060 quod

281 3065 496 3161 propinqua
530 3069 861 3162 consanguinitate
894 3067 994 3137 mihi
1026 3069 1179 3158 junctus
1216 3090 1264 3154 es,

283 3165 420 3237 deinde
432 3190 521 3236 vero
537 3169 674 3257 etiarn,
700 3169 802 3258 quod
820 3169 930 3265 queri
945 3182 1076 3260 potes,
1109 3183 1150 3236 te
1173 3169 1264 3237 dolis

281 3287 389 3336 ame
413 3265 530 3340 fuisse
556 3269 883 3354 circumventum
920 3283 1025 3338 certo
1047 3269 1165 3358 scias,
1205 3291 1263 3337 me

281 3366 476 3458 statuisse,
514 3371 688 3459 proxima
710 3383 839 3440 aestate
859 3359 1187 3460 septemtrionalia
1203 3370 1264 3437 illa

281 3465 365 3536 loca
394 3468 498 3538 adire
525 3478 640 3562 atque
672 3493 737 3539 vos
761 3472 933 3563 Halogos¹
960 3470 1145 3554 invisere,
1181 3483 1262 3540 tum

281 3569 546 3662 experiemini,
581 3595 632 3640 an
653 3571 753 3663 potis
780 3571 852 3638 sim
873 3593 987 3662 poena
1014 3593 1078 3639 eos
1103 3573 1260 3655 afficere,

281 3667 347 3762 q'ui
364 3669 542 3762 religioni
557 3672 770 3742 christianae
787 3671 1044 3740 adversentur.
1084 3672 1166 3740 Sibi
1182 3691 1259 3763 gra·

145 3763 170 3852 J
278 3767 686 3862 tulabaturHarekus,
729 3773 969 3863 quodquam
988 3795 1166 3840 ocissime
1179 3791 1259 3860 pos

175 3910 180 3919 ,
280 3880 338 3936 set
353 3869 441 3938 rnde
456 3870 675 3945 drscedere
711 3875 793 3944 Rex
817 3873 956 3965 Qlavus
973 3871 1131 3942 Hareko
1151 3870 1257 3940 tradi·

197 4055 203 4076 ί
280 3967 336 4040 dit
356 3970 495 4042 bonam
509 3996 652 4056 navem
677 3949 905 4061 cursoriam,
949 3973 996 4042 ab
1022 3987 1186 4064 utroque
1209 3972 1258 4040 la·

278 4081 362 4136 tere
392 4069 524 4138 decern
555 4087 623 4143 aut
649 4073 851 4144 duodecim
880 4074 997 4142 remis
1026 4073 1265 4156 instructam,

280 4179 431 4260 quatuo
447 4170 575 4243 rubus
578 4173 754 4250 omnibus
777 4173 999 4245 necessariis
1019 4174 1133 4260 jussit
1150 4193 1253 4265 quam

1310 2137 1312 2202 l

1312 2225 1313 2274 t
