2640 4682
276 316 469 466 11'24‘·
626 360 905 424 π
1159 363 1251 433 1950.

172 582 176 589 ’
282 580 349 650 dos
365 597 489 646 mores
501 557 726 664 hominurli,
752 573 827 666 ,qui
845 591 890 644 eo
911 585 1185 664 convenerant,
1207 572 1256 642 fa-

283 681 432 771 cerent,
461 679 633 749 oratione
646 693 872 770 persecutus
889 690 965 769 est,
992 681 1259 770 palamquepo-

281 787 376 879 pulo
400 782 513 872 iecit,
550 805 681 852 orrmes
696 781 895 872 homines,
929 795 1010 852 tam
1029 781 1131 851 viros
1156 805 1259 874 quam

280 887 463 974 feminas,
492 883 559 974 qui
575 885 720 953 artibus
735 884 893 978 magicis
906 897 944 956 et
958 884 1155 954 veneficiis*
1166 907 1260 954 exer-

283 987 410 1058 cendis
422 985 588 1055 convicti
602 991 631 1056 81
647 985 807 1056 infames
823 993 965 1076 asserit,
992 987 1201 1078 presertim
1208 986 1260 1054 in·

284 1102 506 1177 cantatores,
535 1109 685 1181 eregno
703 1079 909 1177 ejiciendos
926 1109 1016 1156 esse.
1042 1087 1192 1178 Deinde
1201 1103 1261 1156 rex

283 1211 416 1260 omnes
428 1189 651 1288 hujusmodi
666 1189 842 1258 homines
859 1212 927 1282 per
942 1189 1145 1261 Vikiam
1112 1189 1262 1258 vlcinos-

166 1301 174 1322 '
252 1277 359 1405 'Tque
385 1303 528 1360 tractus
550 1301 589 1376 et
614 1289 825 1382 provincias
856 1291 1032 1381 conquiri
1054 1289 1187 1378 jussit,
1230 1303 1263 1358 et

282 1383 479 1461 universos
498 1390 546 1460 ad
561 1415 600 1462 se
619 1391 823 1461 arcessivit.
856 1391 976 1485 Qui,
1010 1405 1057 1460 ut
1079 1391 1127 1460 ad
1140 1411 1264 1484 regem

281 1507 581 1585 pervenerunt,
596 1513 781 1586 magnum
809 1493 1017 1561 numerum
1050 1491 1263 1579 effecerunt,

283 1613 452 1691 quorum
469 1594 645 1662 omnium
660 1615 761 1662 unus
784 1607 864 1661 erat
884 1591 1082 1705 princeps,
1117 1593 1264 1662 nomine

281 1693 474 1788 Eyvindus
490 1694 628 1782 Kelda,
654 1694 711 1762 vir
727 1693 940 1765 incantator
956 1707 994 1762 et
1010 1693 1102 1762 artis
1116 1695 1265 1786 magica

281 1817 472 1888 perquam
487 1795 702 1894 perituS,
682 1793 786 1863 idern
802 1815 942 1888 genere
956 1793 1098 1862 nobilis
1113 1810 1151 1862 et
1160 1795 1264 1880 dues,

231 1888 234 1902 ¹
281 1917 409 1986 nepos
430 1919 476 1963 ex
492 1897 544 1965 fil'
519 1898 572 1965 lio
596 1867 807 1988 Rbgrivaldi
831 1893 1073 1965 Rettilbeinii
1099 1896 1266 1992 (recupe-

284 1997 379 2089 dis),
413 1995 485 2066 11111
507 1994 609 2090 regis
632 1995 789 2067 Haraldi
790 1995 1042 2088 pulcricomi.
1103 2000 1183 2068 Rex
1210 2017 1264 2065 eos

283 2097 445 2168 comiter
469 2099 678 2186 allocutuS,
704 2081 941 2210 baptismum
956 2117 1165 2211 veramque
1187 2097 1264 2166 reli-

283 2199 448 2294 gionem
456 2212 665 2288 acceptare,
684 2197 849 2288 priscam
858 2220 947 2266 vero
963 2197 1264 2287 superstitionem

285 2313 324 2368 et
344 2314 469 2369 artem
486 2291 678 2392 magicam
698 2297 911 2390 abrogare
899 2297 1030 2387 ]ussit,
1066 2299 1263 2395 ,alroqu1u‚

215 2459 221 2469 ,
282 2399 432 2490 inquit,
458 2420 612 2492 arogno
631 2421 718 2468 meo
736 2399 977 2486 exsulabitis,
1011 2421 1104 2489 opes
1120 2401 1264 2491 patrias·

284 2501 359 2592 que
373 2497 606 2590 amittetis.'',
658 2498 734 2592 Qui
752 2521 842 2567 cum
861 2499 969 2567 dictis
984 2499 1104 2593 regiis
1118 2498 1265 2591 obsequi

282 2602 455 2688 nollent,
506 2600 612 2669 omni
641 2600 734 2668 huic
765 2599 1008 2668 multitudini
1031 2601 1066 2692 ¹)
1091 2607 1277 2696 magnum'

284 2703 526 2772 coenaculum
562 2699 791 2792 designavit,
833 2699 900 2768 ubi
923 2701 1262 2791 splendidissimum

284 2801 522 2890 convivium,
559 2815 745 2892 apparatu
770 2800 978 2891 exquisito,
1022 2805 1260 2887 celebratum,

281 2901 424 2994 pocula
442 2900 690 2970 valentissimi
708 2913 820 2991 potus
832 2901 1004 2992 apposita
1023 2904 1262 2994 certatimque

283 3003 508 3077 circumlata
542 3001 652 3086 surit3
693 3001 924 3090 procedente
949 3023 1040 3071 vero
1064 3005 1150 3095 die,
1189 3023 1261 3072 cum

284 3103 431 3172 ethnici
459 3102 581 3172 nimio
605 3125 712 3171 mero
732 3087 859 3170 lurere
881 3103 1105 3196 coepissent,
1134 3105 1260 3197 quippe

280 3204 392 3296 quia
405 3203 573 3294 potando
590 3225 660 3294 pro
676 3203 803 3272 lubitu
820 3214 899 3272 non
918 3205 1176 3296 abstinerent,
1206 3224 1259 3273 rex

119 3377 123 3384 ,
184 3356 186 3366 ‚
284 3303 563 3377 eosaccedens:
593 3302 811 3395 apparebit,
840 3303 972 3395 credo,
997 3305 1259 3400 inquit,quam

284 3425 383 3499 aegre
408 3403 529 3472 ieram
548 3426 614 3472 vos
629 3405 825 3488 amittere,
851 3401 1038 3497 magnum
1054 3407 1160 3479 enim
1174 3407 1259 3476 dam·

156 3559 157 3569 1
197 3575 198 3580 ,
277 3529 381 3576 num
405 3518 443 3573 et
464 3503 716 3574 vastationem
745 3525 864 3598 regno
887 3518 1016 3574 nostro
1039 3506 1206 3596 infertis,
1234 3500 1257 3569 si

281 3618 388 3674 tanta
395 3620 551 3697 tamque
565 3605 726 3676 instruis
747 3605 783 3696 ²)
799 3606 1019 3694 multitudO,
1050 3607 1256 3698 quantahuc

284 3706 480 3794 convenit,
508 3657 766 3800 ablegabitum
802 3708 892 3775 nolo
910 3721 1042 3776 tamen
1059 3732 1127 3776 vos
1145 3710 1184 3778 in
1199 3708 1256 3774 hac

192 3893 195 3898 Ι
282 3821 385 3875 terra
408 3829 583 3895 manere,
625 3807 699 3878 nisi
729 3805 849 3876 errori
876 3821 1001 3877 vestro
1026 3809 1255 3884 renuntietis;

282 3907 420 3974 lubens
454 3919 584 3976 autem
614 3909 843 3997 optaverim,
881 3907 913 3974 si
937 3908 1019 3996 ejus
1043 3911 1102 3979 rei
1118 3911 1253 3980 facultas

284 4005 353 4094 sit,
381 4017 431 4084 ut„
444 4001 772 4100 adhortationibus¹
784 4008 880 4102 meis
891 4010 1093 4100 obsecuti,
1113 4011 1252 4104 priscam

209 4295 211 4308 ,
289 4219 315 4288 ¹)
325 4223 461 4288 conluviei
473 4221 504 4272 B·
542 4189 666 4292 ²)sicB.
681 4223 711 4279 G.
726 4228 757 4280 F.
771 4225 904 4302 berfiligt,
925 4233 1025 4302 turpis,
1046 4233 1152 4287 scelesta
1163 4230 1195 4286 A·
