2718 4680
25 224 30 307 l

18 376 230 555 ,cu-s.
348 391 369 412 '¹
455 401 727 466 Ξ
895 365 1014 472 ’15

84 605 195 694 fecta,
234 631 330 676 cum
355 621 475 678 noctu
499 606 619 678 littori
643 631 777 678 navem
801 607 1077 700 applicuerant,
1185 647 1189 658 .

88 729 189 798 supra
215 725 393 800 petram,
428 711 608 778 extremis
634 710 817 800 pontibus
840 709 1076 802 contiguam,

92 807 206 879 Thera
221 811 419 879 infantem
445 810 557 880 enixa
573 822 649 896 est,
680 811 828 901 prolem
852 811 1075 899 masculam,

89 931 191 998 quem
202 911 397 1002 Sigurdus
415 909 572 1003 dynasta
590 933 689 1000 aqua
706 909 894 999 lustravit,
920 933 1078 980 nomeu·

89 1031 151 1096 que
167 1011 279 1080 dedit
299 1011 490 1099 Hakonis,
517 1010 686 1103 dynastae
702 1009 919 1095 Hladensis‚
955 1013 1090 1102 patris·

86 1110 146 1179 sui.
211 1113 291 1184 Hic
311 1135 410 1202 puer
426 1125 575 1182 mature
598 1124 743 1182 statura
760 1111 930 1200 corporis
947 1126 984 1180 et
1001 1113 1076 1183 lor-

84 1233 146 1278 mae
163 1212 361 1309 elegantia
381 1211 603 1298 excellebat,
618 1213 814 1302 patrisque
831 1211 999 1302 speciem
1012 1214 1075 1284 ad·

85 1311 236 1382 mudum
250 1313 454 1382 referebat.
494 1315 576 1384 Rex
593 1333 779 1404 puerum,
806 1312 898 1381 dum
914 1312 956 1382 in
970 1328 1077 1384 tene·
1156 1365 1160 1380 .

9 1495 10 1500 Ἰ
86 1413 129 1480 ris
140 1428 263 1501 esset,
301 1414 553 1482 matriscurae
575 1411 780 1500 commisit,
820 1435 1008 1504 quaecum
1029 1439 1074 1486 eo

86 1512 122 1582 in
142 1513 297 1603 praediis
319 1513 439 1605 regiis
464 1529 698 1582 commorata
726 1526 792 1581 est.
861 1512 989 1584 Ceteri
1007 1516 1077 1588 lilii
1101 1527 1103 1534 '

87 1616 178 1706 regis
191 1614 565 1686 HaraldiHakonem
580 1613 745 1683 ludibrio
765 1613 946 1703 habuere,
968 1639 1075 1686 eum·

90 1737 154 1802 que
169 1717 298 1806 filium
314 1714 672 1806 Mostriae-perticae
693 1714 960 1784 vocitaverunt.

95 1818 247 1888 fluuius
279 1815 592 1888 Altebruccatus
619 1817 825 1885 Hakouem
861 1819 918 1884 ad
948 1839 1075 1910 regem

347 1915 619 1988 Adnlster’uem
642 1913 804 1985 devexit.

139 2015 216 2110 Cap.
227 2017 260 2092 8ss
285 2012 1076 2108 EatemporeregnumAngliaesusceperat

93 2117 296 2205 ldalstein,
322 2117 447 2186 dictus
465 2114 699 2189 Victoriosus
716 2129 754 2182 et
769 2114 906 2202 Fidus3
938 2117 1004 2186 ille
1018 2116 1074 2186 le·

92 2234 184 2310 gatos
198 2221 241 2290 in
258 2217 492 2311 Norvegiam
515 2216 621 2286 misit
638 2218 684 2285 ad
705 2216 913 2287 Haraldum
928 2227 1071 2310 regem,

94 2321 214 2410 quibus
231 2321 274 2389 id
297 2318 442 2414 negotii
456 2318 579 2407 dedit,
614 2331 660 2393 ut
682 2317 831 2413 legatus
856 2333 988 2410 regem
1014 2341 1074 2388 ac*

92 2421 215 2492 cedens
232 2421 407 2518 gladium
420 2419 656 2518 porrigeret,
682 2417 796 2488 bullis
815 2432 854 2486 et
871 2418 1072 2489 manubrio

89 2524 220 2615 aureis,
254 2522 392 2615 vagina
414 2519 712 2614 circumquaque
739 2541 833 2588 auro
860 2533 898 2588 et
917 2533 1078 2616 argento·

89 2639 228 2714 ornata,
263 2615 491 2710 eximiisque
508 2621 670 2717 gemmis
691 2618 939 2690 interstincta.
1001 2620 1073 2689 Le-

88 2738 182 2817 gatus
196 2725 322 2818 bullas
340 2720 458 2816 gladii
470 2722 517 2791 ad
531 2741 664 2814 regem
681 2721 899 2790 obvertens:
927 2743 993 2809 en,
1015 2720 1073 2789 in-

89 2827 173 2914 quit,
187 2825 382 2920 gladium!
398 2845 513 2914 quem
523 2833 565 2890 te
580 2821 752 2911 accipeie
762 2821 873 2908 jussit
885 2843 951 2892 rex
962 2820 1074 2891 Adal·

86 2927 184 2996 stein.
233 2929 329 3016 ,Rex
345 2921 590 2994 manubrium
608 2920 830 3012 prehendit3
862 2944 939 3012 quo
959 2922 1073 3011 facto,

86 3049 167 3096 mox
189 3029 366 3118 legatus:
396 3047 499 3094 nunc
519 3025 573 3095 ita
596 3023 700 3092 hunc
726 3021 895 3118 gladium
910 3022 1072 3113 prehen-

88 3127 184 3215 disti,
226 3140 273 3196 ut
297 3125 419 3196 voluit
442 3147 509 3194 rex
534 3137 681 3192 noster:
714 3122 793 3211 jam
818 3123 854 3192 ei
883 3123 1075 3211 subjectus

75 3231 177 3317 'estn,
213 3251 306 3298 cum
320 3224 509 3322 gladium,
538 3247 612 3316 qua
627 3235 734 3314 parte
752 3223 867 3292 bullae
889 3237 989 3312 sunt,
1016 3236 1072 3291 te·

8 3352 9 3364 ¹
88 3329 217 3398 rueris.
280 3325 478 3408 Intellexit
501 3327 568 3395 rex
584 3323 793 3411 Haraldus,
826 3323 961 3413 hocin
982 3345 1071 3392 con-

72 3431 274 3506 tumeliam
284 3428 432 3500 factum
446 3449 538 3513 esse,
552 3423 651 3494 nulli
665 3424 769 3493 enim
783 3425 976 3510 subjectus
991 3446 1072 3493 esse

88 3531 207 3600 voluit.
264 3535 353 3602 Non
365 3542 497 3598 tamen
512 3524 628 3596 moris
642 3525 747 3593 soliti
761 3525 902 3594 oblitus
922 3520 988 3612 est,
1014 3539 1070 3612 ut,

8 3645 9 3654 ¹
89 3633 224 3720 quoties
241 3631 392 3700 subitus
400 3629 508 3698 furor
524 3625 654 3724 antire
665 3647 755 3694 eum
771 3625 977 3716 invasisset,
992 3626 1072 3696 ani-

88 3751 142 3800 mo
164 3731 449 3818 moderaretur,
490 3727 666 3820 iramque
692 3725 890 3796 considere
917 3728 1071 3815 sineret,
1107 3765 1111 3770 ·

8 3821 9 3832 ¹
88 3853 196 3922 eaque
212 3853 356 3902 vacuus
373 3855 435 3903 res
447 3828 667 3922 pensitaret.
719 3827 780 3904 Sic'
800 3849 954 3920 quoque
970 3851 1073 3897 nunc

86 3929 185 4011 lecit3
207 3933 308 4004 hanc
324 3955 409 4003 rem
431 3927 975 4017 cumamiciscommunicavit,
990 3929 1072 4018 qui-

8 4075 9 4079 =
88 4030 148 4102 bus
161 4033 349 4102 universis
364 4029 523 4125 placuit,
538 4045 584 4100 ut
596 4029 669 4098 arti
683 4043 766 4098 arte
782 4043 1070 4112 occurreretur;
1115 4060 1135 4086 κ
1197 4041 1199 4046 ’

8 4151 9 4201 l
91 4155 195 4221 quare
225 4148 297 4203 'rex
321 4131 511 4204 Haraldus
541 4132 697 4224 legatos
716 4129 819 4224 regis
845 4125 1073 4198 ¹Adalsteinis

8 4274 10 4325 ,
89 4231 218 4306 liberos
248 4233 412 4324 dimisit,
453 4229 566 4301 venia
595 4230 755 4300 domum
784 4229 972 4304 redeundi
998 4230 1072 4296 cle-
1171 4301 1174 4312 ,

9 4347 11 4377 l
