<?xml version="1.0" encoding="UTF-8"?>
<!DOCTYPE html PUBLIC "-//W3C//DTD XHTML 1.0 Transitional//EN"
    "http://www.w3.org/TR/xhtml1/DTD/xhtml1-transitional.dtd">
<html xmlns="http://www.w3.org/1999/xhtml" xml:lang="en" lang="en">
 <head>
  <title>
</title>
<meta http-equiv="Content-Type" content="text/html;charset=utf-8" />
  <meta name='ocr-system' content='tesseract 3.04.00' />
  <meta name='ocr-capabilities' content='ocr_page ocr_carea ocr_par ocr_line ocrx_word'/>
</head>
<body>
  <div class='ocr_page' id='page_1' title='image "./scriptahistoric00egilgoog_0490.png"; bbox 0 0 2634 4682; ppageno 0'>
   <div class='ocr_carea' id='block_1_1' title="bbox 19 361 947 462">
    <p class='ocr_par' dir='ltr' id='par_1_1' title="bbox 19 361 947 462">
     <span class='ocr_line' id='line_1_1' title="bbox 19 361 947 462; baseline -0.003 -1"><span class='ocrx_word' id='word_1_1' title='bbox 19 391 146 462; x_wconf 75' lang='lat' dir='ltr'><strong>mic·</strong></span> <span class='ocrx_word' id='word_1_2' title='bbox 380 388 653 449; x_wconf 75' lang='lat'><strong><em>=</em></strong></span> <span class='ocrx_word' id='word_1_3' title='bbox 838 361 947 458; x_wconf 70' lang='lat'>&#39;143</span> 
     </span>
    </p>
   </div>
   <div class='ocr_carea' id='block_1_2' title="bbox 3 594 1123 3635">
    <p class='ocr_par' dir='ltr' id='par_1_2' title="bbox 3 594 1101 2504">
     <span class='ocr_line' id='line_1_2' title="bbox 19 594 1013 690; baseline -0.005 -19"><span class='ocrx_word' id='word_1_4' title='bbox 19 611 271 690; x_wconf 84' lang='lat' dir='ltr'><strong>accepemnt,</strong></span> <span class='ocrx_word' id='word_1_5' title='bbox 304 594 361 666; x_wconf 83' lang='lat' dir='ltr'><strong>ita</strong></span> <span class='ocrx_word' id='word_1_6' title='bbox 380 595 621 687; x_wconf 86' lang='lat' dir='ltr'><strong>iudicarunt,</strong></span> <span class='ocrx_word' id='word_1_7' title='bbox 664 619 756 668; x_wconf 90' lang='lat' dir='ltr'><strong>eum</strong></span> <span class='ocrx_word' id='word_1_8' title='bbox 784 610 867 668; x_wconf 86' lang='lat' dir='ltr'><strong>tam</strong></span> <span class='ocrx_word' id='word_1_9' title='bbox 888 595 1013 668; x_wconf 75' lang='lat' dir='ltr'><strong>inhio</strong></span> 
     </span>
     <span class='ocr_line' id='line_1_3' title="bbox 17 697 1015 791; baseline -0.003 -22"><span class='ocrx_word' id='word_1_10' title='bbox 17 697 229 791; x_wconf 84' lang='lat' dir='ltr'><strong>responsis,</strong></span> <span class='ocrx_word' id='word_1_11' title='bbox 264 698 436 789; x_wconf 88' lang='lat' dir='ltr'><strong>quamin</strong></span> <span class='ocrx_word' id='word_1_12' title='bbox 451 697 531 765; x_wconf 89' lang='lat' dir='ltr'><strong>voti</strong></span> <span class='ocrx_word' id='word_1_13' title='bbox 543 699 832 788; x_wconf 80' lang='lat' dir='ltr'><strong>nuncupatione</strong></span> <span class='ocrx_word' id='word_1_14' title='bbox 856 699 1015 768; x_wconf 87' lang='lat' dir='ltr'><strong>stultiti-</strong></span> 
     </span>
     <span class='ocr_line' id='line_1_4' title="bbox 17 797 1012 886; baseline -0.002 -16"><span class='ocrx_word' id='word_1_15' title='bbox 17 826 78 872; x_wconf 87' lang='lat' dir='ltr'><strong>am</strong></span> <span class='ocrx_word' id='word_1_16' title='bbox 93 799 316 870; x_wconf 84' lang='lat' dir='ltr'><strong>ostendisse.</strong></span> <span class='ocrx_word' id='word_1_17' title='bbox 368 797 459 868; x_wconf 89' lang='lat' dir='ltr'><strong>Post</strong></span> <span class='ocrx_word' id='word_1_18' title='bbox 483 797 625 885; x_wconf 77' lang='lat' dir='ltr'><strong>festum</strong></span> <span class='ocrx_word' id='word_1_19' title='bbox 646 801 794 886; x_wconf 81' lang='lat' dir='ltr'><strong>jolense</strong></span> <span class='ocrx_word' id='word_1_20' title='bbox 811 799 955 868; x_wconf 87' lang='lat' dir='ltr'><strong>Firmus</strong></span> <span class='ocrx_word' id='word_1_21' title='bbox 971 822 1012 868; x_wconf 90' lang='lat' dir='ltr'><strong>se</strong></span> 
     </span>
     <span class='ocr_line' id='line_1_5' title="bbox 18 890 1012 992; baseline -0.003 -21"><span class='ocrx_word' id='word_1_22' title='bbox 18 903 64 971; x_wconf 89' lang='lat' dir='ltr'><strong>ad</strong></span> <span class='ocrx_word' id='word_1_23' title='bbox 93 901 248 978; x_wconf 85' lang='lat' dir='ltr'><strong>abitum</strong></span> <span class='ocrx_word' id='word_1_24' title='bbox 269 899 427 990; x_wconf 86' lang='lat' dir='ltr'><strong>paravit.</strong></span> <span class='ocrx_word' id='word_1_25' title='bbox 485 890 599 969; x_wconf 80' lang='lat' dir='ltr'><strong>Pater</strong></span> <span class='ocrx_word' id='word_1_26' title='bbox 625 899 895 992; x_wconf 76' lang='lat' dir='ltr'><strong>interrogavit,</strong></span> <span class='ocrx_word' id='word_1_27' title='bbox 935 923 1012 992; x_wconf 93' lang='lat' dir='ltr'><strong>quo</strong></span> 
     </span>
     <span class='ocr_line' id='line_1_6' title="bbox 18 999 1013 1096; baseline -0.002 -24"><span class='ocrx_word' id='word_1_28' title='bbox 18 1003 218 1096; x_wconf 80' lang='lat' dir='ltr'><strong>cogitaret</strong></span> <span class='ocrx_word' id='word_1_29' title='bbox 269 1000 414 1071; x_wconf 88' lang='lat' dir='ltr'><strong>Fiunus</strong></span> <span class='ocrx_word' id='word_1_30' title='bbox 425 999 649 1090; x_wconf 88' lang='lat' dir='ltr'><strong>respondet:</strong></span> <span class='ocrx_word' id='word_1_31' title='bbox 673 1001 803 1068; x_wconf 91' lang='lat' dir='ltr'><strong>nullus</strong></span> <span class='ocrx_word' id='word_1_32' title='bbox 822 1002 911 1089; x_wconf 84' lang='lat' dir='ltr'><strong>scio,</strong></span> <span class='ocrx_word' id='word_1_33' title='bbox 936 1023 1013 1091; x_wconf 90' lang='lat' dir='ltr'><strong>quo</strong></span> 
     </span>
     <span class='ocr_line' id='line_1_7' title="bbox 17 1101 1041 1194; baseline 0.001 -23"><span class='ocrx_word' id='word_1_34' title='bbox 17 1105 260 1194; x_wconf 87' lang='lat' dir='ltr'><strong>proficiscar,</strong></span> <span class='ocrx_word' id='word_1_35' title='bbox 286 1101 353 1170; x_wconf 89' lang='lat' dir='ltr'><strong>sed</strong></span> <span class='ocrx_word' id='word_1_36' title='bbox 367 1102 399 1169; x_wconf 92' lang='lat' dir='ltr'><strong>is</strong></span> <span class='ocrx_word' id='word_1_37' title='bbox 412 1101 511 1170; x_wconf 87' lang='lat' dir='ltr'><strong>mihi</strong></span> <span class='ocrx_word' id='word_1_38' title='bbox 525 1124 593 1169; x_wconf 87' lang='lat' dir='ltr'><strong>rex</strong></span> <span class='ocrx_word' id='word_1_39' title='bbox 610 1101 835 1192; x_wconf 75' lang='lat' dir='ltr'><strong>quaerendus</strong></span> <span class='ocrx_word' id='word_1_40' title='bbox 851 1117 920 1190; x_wconf 84' lang='lat' dir='ltr'><strong>est,</strong></span> <span class='ocrx_word' id='word_1_41' title='bbox 948 1101 1014 1172; x_wconf 91' lang='lat' dir='ltr'><strong>cui</strong></span> <span class='ocrx_word' id='word_1_42' title='bbox 1032 1117 1041 1128; x_wconf 87' lang='grc'><em>“</em></span> 
     </span>
     <span class='ocr_line' id='line_1_8' title="bbox 17 1201 1051 1299; baseline -0.002 -26"><span class='ocrx_word' id='word_1_43' title='bbox 17 1227 207 1296; x_wconf 89' lang='lat' dir='ltr'><strong>apparere</strong></span> <span class='ocrx_word' id='word_1_44' title='bbox 235 1201 403 1292; x_wconf 83' lang='lat' dir='ltr'><strong>decrevi,</strong></span> <span class='ocrx_word' id='word_1_45' title='bbox 431 1211 617 1271; x_wconf 88' lang='lat' dir='ltr'><strong>ettamen</strong></span> <span class='ocrx_word' id='word_1_46' title='bbox 633 1225 678 1271; x_wconf 89' lang='lat' dir='ltr'><strong>ea</strong></span> <span class='ocrx_word' id='word_1_47' title='bbox 694 1203 820 1272; x_wconf 89' lang='lat' dir='ltr'><strong>solum</strong></span> <span class='ocrx_word' id='word_1_48' title='bbox 835 1203 942 1296; x_wconf 84' lang='lat' dir='ltr'><strong>lege,</strong></span> <span class='ocrx_word' id='word_1_49' title='bbox 967 1215 1015 1272; x_wconf 89' lang='lat' dir='ltr'><strong>ut</strong></span> <span class='ocrx_word' id='word_1_50' title='bbox 1048 1289 1051 1299; x_wconf 37' lang='grc' dir='ltr'>Ι</span> 
     </span>
     <span class='ocr_line' id='line_1_9' title="bbox 18 1302 1016 1420; baseline -0.002 -47"><span class='ocrx_word' id='word_1_51' title='bbox 18 1306 123 1420; x_wconf 86' lang='lat' dir='ltr'><strong>quod</strong></span> <span class='ocrx_word' id='word_1_52' title='bbox 137 1328 227 1374; x_wconf 73' lang='lat' dir='ltr'><strong>vovi</strong></span> <span class='ocrx_word' id='word_1_53' title='bbox 236 1319 370 1372; x_wconf 89' lang='lat' dir='ltr'><strong>votum</strong></span> <span class='ocrx_word' id='word_1_54' title='bbox 380 1325 426 1370; x_wconf 90' lang='lat' dir='ltr'><strong>ex</strong></span> <span class='ocrx_word' id='word_1_55' title='bbox 441 1302 663 1392; x_wconf 85' lang='lat' dir='ltr'><strong>omnipartc</strong></span> <span class='ocrx_word' id='word_1_56' title='bbox 678 1325 884 1394; x_wconf 85' lang='lat' dir='ltr'><strong>exsequar3</strong></span> <span class='ocrx_word' id='word_1_57' title='bbox 911 1327 1016 1394; x_wconf 87' lang='lat' dir='ltr'><strong>quae-</strong></span> 
     </span>
     <span class='ocr_line' id='line_1_10' title="bbox 18 1396 1015 1502; baseline -0.002 -27"><span class='ocrx_word' id='word_1_58' title='bbox 18 1409 104 1476; x_wconf 85' lang='lat' dir='ltr'><strong>sivit</strong></span> <span class='ocrx_word' id='word_1_59' title='bbox 136 1396 317 1502; x_wconf 85' lang='lat' dir='ltr'><strong>deinde,</strong></span> <span class='ocrx_word' id='word_1_60' title='bbox 322 1427 372 1472; x_wconf 92' lang='lat' dir='ltr'><strong>an</strong></span> <span class='ocrx_word' id='word_1_61' title='bbox 390 1403 532 1472; x_wconf 87' lang='lat' dir='ltr'><strong>Sveinn</strong></span> <span class='ocrx_word' id='word_1_62' title='bbox 552 1402 670 1472; x_wconf 72' lang='lat' dir='ltr'><strong>frater</strong></span> <span class='ocrx_word' id='word_1_63' title='bbox 693 1427 784 1472; x_wconf 90' lang='lat' dir='ltr'><strong>suus</strong></span> <span class='ocrx_word' id='word_1_64' title='bbox 811 1426 944 1473; x_wconf 89' lang='lat' dir='ltr'><strong>secum</strong></span> <span class='ocrx_word' id='word_1_65' title='bbox 957 1404 1015 1473; x_wconf 87' lang='lat' dir='ltr'><strong>ire</strong></span> 
     </span>
     <span class='ocr_line' id='line_1_11' title="bbox 17 1492 1015 1597; baseline -0.005 -20"><span class='ocrx_word' id='word_1_66' title='bbox 17 1511 158 1591; x_wconf 83' lang='lat' dir='ltr'><strong>vellet3</strong></span> <span class='ocrx_word' id='word_1_67' title='bbox 205 1507 271 1576; x_wconf 91' lang='lat' dir='ltr'><strong>ille</strong></span> <span class='ocrx_word' id='word_1_68' title='bbox 301 1492 467 1597; x_wconf 80' lang='lat' dir='ltr'><strong>negavit.</strong></span> <span class='ocrx_word' id='word_1_69' title='bbox 527 1505 631 1572; x_wconf 83' lang='lat' dir='ltr'><strong>Bene</strong></span> <span class='ocrx_word' id='word_1_70' title='bbox 659 1527 815 1597; x_wconf 87' lang='lat' dir='ltr'><strong>quoque</strong></span> <span class='ocrx_word' id='word_1_71' title='bbox 840 1519 917 1594; x_wconf 85' lang='lat' dir='ltr'><strong>est,</strong></span> <span class='ocrx_word' id='word_1_72' title='bbox 960 1505 1015 1574; x_wconf 84' lang='lat' dir='ltr'><strong>ait</strong></span> 
     </span>
     <span class='ocr_line' id='line_1_12' title="bbox 19 1606 1015 1698; baseline -0.006 -19"><span class='ocrx_word' id='word_1_73' title='bbox 19 1611 54 1680; x_wconf 91' lang='lat' dir='ltr'><strong>F</strong></span> <span class='ocrx_word' id='word_1_74' title='bbox 46 1625 186 1692; x_wconf 89' lang='lat' dir='ltr'><strong>mnus3</strong></span> <span class='ocrx_word' id='word_1_75' title='bbox 212 1621 257 1675; x_wconf 93' lang='lat' dir='ltr'><strong>tu</strong></span> <span class='ocrx_word' id='word_1_76' title='bbox 270 1606 451 1698; x_wconf 86' lang='lat' dir='ltr'><strong>pecunias</strong></span> <span class='ocrx_word' id='word_1_77' title='bbox 466 1618 613 1674; x_wconf 89' lang='lat' dir='ltr'><strong>nostras</strong></span> <span class='ocrx_word' id='word_1_78' title='bbox 629 1627 798 1696; x_wconf 81' lang='lat' dir='ltr'><strong>unacum</strong></span> <span class='ocrx_word' id='word_1_79' title='bbox 809 1619 918 1696; x_wconf 86' lang='lat' dir='ltr'><strong>patre</strong></span> <span class='ocrx_word' id='word_1_80' title='bbox 936 1627 1015 1674; x_wconf 91' lang='lat' dir='ltr'><strong>ser-</strong></span> 
     </span>
     <span class='ocr_line' id='line_1_13' title="bbox 19 1705 1017 1797; baseline -0.006 -17.095"><span class='ocrx_word' id='word_1_81' title='bbox 19 1711 137 1797; x_wconf 77' lang='lat' dir='ltr'><strong>vabiS‚</strong></span> <span class='ocrx_word' id='word_1_82' title='bbox 165 1707 293 1796; x_wconf 88' lang='lat' dir='ltr'><strong>credo,</strong></span> <span class='ocrx_word' id='word_1_83' title='bbox 316 1706 436 1775; x_wconf 88' lang='lat' dir='ltr'><strong>donec</strong></span> <span class='ocrx_word' id='word_1_84' title='bbox 451 1705 613 1776; x_wconf 85' lang='lat' dir='ltr'><strong>rediero.</strong></span> <span class='ocrx_word' id='word_1_85' title='bbox 668 1707 782 1778; x_wconf 86' lang='lat' dir='ltr'><strong>Pater</strong></span> <span class='ocrx_word' id='word_1_86' title='bbox 801 1707 916 1776; x_wconf 86' lang='lat' dir='ltr'><strong>dixit:</strong></span> <span class='ocrx_word' id='word_1_87' title='bbox 942 1708 1017 1794; x_wconf 85' lang='lat' dir='ltr'><strong>vis-</strong></span> 
     </span>
     <span class='ocr_line' id='line_1_14' title="bbox 20 1807 1074 1900; baseline -0.004 -18"><span class='ocrx_word' id='word_1_88' title='bbox 20 1837 78 1900; x_wconf 82' lang='lat' dir='ltr'><strong>ne,</strong></span> <span class='ocrx_word' id='word_1_89' title='bbox 106 1808 183 1878; x_wconf 85' lang='lat' dir='ltr'><strong>tibi</strong></span> <span class='ocrx_word' id='word_1_90' title='bbox 198 1807 357 1876; x_wconf 81' lang='lat' dir='ltr'><strong>comites</strong></span> <span class='ocrx_word' id='word_1_91' title='bbox 375 1807 601 1900; x_wconf 81' lang='lat' dir='ltr'><strong>adjungam,</strong></span> <span class='ocrx_word' id='word_1_92' title='bbox 628 1809 889 1900; x_wconf 82' lang='lat' dir='ltr'><strong>pecuniasque</strong></span> <span class='ocrx_word' id='word_1_93' title='bbox 904 1807 1016 1878; x_wconf 82' lang='lat' dir='ltr'><strong>dem?</strong></span> <span class='ocrx_word' id='word_1_94' title='bbox 1071 1807 1074 1819; x_wconf 78' lang='lat'>&#39;</span> 
     </span>
     <span class='ocr_line' id='line_1_15' title="bbox 21 1906 1032 2000; baseline -0.005 -19"><span class='ocrx_word' id='word_1_95' title='bbox 21 1913 165 1982; x_wconf 86' lang='lat' dir='ltr'><strong>Finnus</strong></span> <span class='ocrx_word' id='word_1_96' title='bbox 176 1906 348 2000; x_wconf 84' lang='lat' dir='ltr'><strong>reponit:</strong></span> <span class='ocrx_word' id='word_1_97' title='bbox 366 1906 565 1992; x_wconf 88' lang='lat' dir='ltr'><strong>absithoc3</strong></span> <span class='ocrx_word' id='word_1_98' title='bbox 590 1909 765 1999; x_wconf 88' lang='lat' dir='ltr'><strong>pluribus</strong></span> <span class='ocrx_word' id='word_1_99' title='bbox 775 1907 1032 1978; x_wconf 52' lang='lat' dir='ltr'><strong>enimhomi«</strong></span> 
     </span>
     <span class='ocr_line' id='line_1_16' title="bbox 20 2008 1019 2104; baseline -0.006 -22"><span class='ocrx_word' id='word_1_100' title='bbox 20 2015 139 2082; x_wconf 89' lang='lat' dir='ltr'><strong>nibus</strong></span> <span class='ocrx_word' id='word_1_101' title='bbox 151 2008 215 2079; x_wconf 87' lang='lat' dir='ltr'><strong>vix</strong></span> <span class='ocrx_word' id='word_1_102' title='bbox 229 2011 329 2078; x_wconf 88' lang='lat' dir='ltr'><strong>bene</strong></span> <span class='ocrx_word' id='word_1_103' title='bbox 341 2027 583 2104; x_wconf 68' lang='lat' dir='ltr'><strong>prospexero,</strong></span> <span class='ocrx_word' id='word_1_104' title='bbox 609 2011 642 2079; x_wconf 91' lang='lat' dir='ltr'><strong>si</strong></span> <span class='ocrx_word' id='word_1_105' title='bbox 655 2010 754 2080; x_wconf 90' lang='lat' dir='ltr'><strong>mihi</strong></span> <span class='ocrx_word' id='word_1_106' title='bbox 769 2009 852 2102; x_wconf 82' lang='lat' dir='ltr'><strong>ipse</strong></span> <span class='ocrx_word' id='word_1_107' title='bbox 865 2008 1019 2100; x_wconf 79' lang='lat' dir='ltr'><strong>prospi-</strong></span> 
     </span>
     <span class='ocr_line' id='line_1_17' title="bbox 23 2108 1016 2210; baseline -0.003 -28"><span class='ocrx_word' id='word_1_108' title='bbox 23 2138 109 2210; x_wconf 78' lang='lat' dir='ltr'><strong>cere</strong></span> <span class='ocrx_word' id='word_1_109' title='bbox 127 2108 362 2202; x_wconf 75' lang='lat' dir='ltr'><strong>nonsciam3</strong></span> <span class='ocrx_word' id='word_1_110' title='bbox 401 2109 504 2201; x_wconf 93' lang='lat' dir='ltr'><strong>quod</strong></span> <span class='ocrx_word' id='word_1_111' title='bbox 517 2110 633 2204; x_wconf 86' lang='lat' dir='ltr'><strong>multi</strong></span> <span class='ocrx_word' id='word_1_112' title='bbox 649 2110 803 2201; x_wconf 81' lang='lat' dir='ltr'><strong>dicunt,</strong></span> <span class='ocrx_word' id='word_1_113' title='bbox 836 2109 1016 2202; x_wconf 90' lang='lat' dir='ltr'><strong>quodque</strong></span> 
     </span>
     <span class='ocr_line' id='line_1_18' title="bbox 3 2210 1017 2306; baseline -0.003 -24"><span class='ocrx_word' id='word_1_114' title='bbox 3 2215 6 2252; x_wconf 65' lang='grc' dir='ltr'>ῑ</span> <span class='ocrx_word' id='word_1_115' title='bbox 23 2215 72 2284; x_wconf 90' lang='lat' dir='ltr'><strong>sic</strong></span> <span class='ocrx_word' id='word_1_116' title='bbox 92 2211 177 2289; x_wconf 76' lang='lat' dir='ltr'><strong>esse</strong></span> <span class='ocrx_word' id='word_1_117' title='bbox 194 2235 276 2281; x_wconf 91' lang='lat' dir='ltr'><strong>non</strong></span> <span class='ocrx_word' id='word_1_118' title='bbox 290 2233 403 2306; x_wconf 84' lang='lat' dir='ltr'><strong>nego.</strong></span> <span class='ocrx_word' id='word_1_119' title='bbox 457 2213 548 2280; x_wconf 87' lang='lat' dir='ltr'><strong>Post</strong></span> <span class='ocrx_word' id='word_1_120' title='bbox 564 2211 647 2280; x_wconf 86' lang='lat' dir='ltr'><strong>haec</strong></span> <span class='ocrx_word' id='word_1_121' title='bbox 662 2211 804 2282; x_wconf 90' lang='lat' dir='ltr'><strong>Finnus</strong></span> <span class='ocrx_word' id='word_1_122' title='bbox 830 2210 943 2301; x_wconf 88' lang='lat' dir='ltr'><strong>abiit,</strong></span> <span class='ocrx_word' id='word_1_123' title='bbox 976 2225 1017 2282; x_wconf 86' lang='lat' dir='ltr'><strong>et</strong></span> 
     </span>
     <span class='ocr_line' id='line_1_19' title="bbox 4 2308 1101 2403; baseline -0.002 -19"><span class='ocrx_word' id='word_1_124' title='bbox 4 2349 5 2352; x_wconf 38' lang='lat'>¹</span> <span class='ocrx_word' id='word_1_125' title='bbox 22 2327 199 2384; x_wconf 84' lang='lat' dir='ltr'><strong>austrum</strong></span> <span class='ocrx_word' id='word_1_126' title='bbox 209 2308 335 2381; x_wconf 85' lang='lat' dir='ltr'><strong>versus</strong></span> <span class='ocrx_word' id='word_1_127' title='bbox 352 2331 423 2403; x_wconf 89' lang='lat' dir='ltr'><strong>per</strong></span> <span class='ocrx_word' id='word_1_128' title='bbox 432 2312 627 2402; x_wconf 90' lang='lat' dir='ltr'><strong>superiora</strong></span> <span class='ocrx_word' id='word_1_129' title='bbox 636 2313 929 2403; x_wconf 85' lang='lat' dir='ltr'><strong>Upplandorum</strong></span> <span class='ocrx_word' id='word_1_130' title='bbox 940 2311 1016 2382; x_wconf 86' lang='lat' dir='ltr'><strong>iter</strong></span> <span class='ocrx_word' id='word_1_131' title='bbox 1097 2319 1101 2328; x_wconf 89' lang='lat'>&#39;</span> 
     </span>
     <span class='ocr_line' id='line_1_20' title="bbox 21 2412 1045 2504; baseline -0.001 -20"><span class='ocrx_word' id='word_1_132' title='bbox 21 2417 189 2502; x_wconf 83' lang='lat' dir='ltr'><strong>faciens,</strong></span> <span class='ocrx_word' id='word_1_133' title='bbox 222 2413 265 2484; x_wconf 90' lang='lat' dir='ltr'><strong>in</strong></span> <span class='ocrx_word' id='word_1_134' title='bbox 280 2413 431 2486; x_wconf 79' lang='lat' dir='ltr'><strong>Villam</strong></span> <span class='ocrx_word' id='word_1_135' title='bbox 458 2414 651 2504; x_wconf 82' lang='lat' dir='ltr'><strong>pervenit,</strong></span> <span class='ocrx_word' id='word_1_136' title='bbox 697 2414 786 2502; x_wconf 85' lang='lat' dir='ltr'><strong>ubi,</strong></span> <span class='ocrx_word' id='word_1_137' title='bbox 827 2412 1045 2483; x_wconf 85' lang='lat' dir='ltr'><strong>conducta·</strong></span> 
     </span>
    </p>

    <p class='ocr_par' dir='ltr' id='par_1_3' title="bbox 5 2513 1123 3615">
     <span class='ocr_line' id='line_1_21' title="bbox 24 2513 1021 2612; baseline -0.001 -27"><span class='ocrx_word' id='word_1_138' title='bbox 24 2539 113 2612; x_wconf 77' lang='lat' dir='ltr'><strong>curn</strong></span> <span class='ocrx_word' id='word_1_139' title='bbox 126 2514 389 2595; x_wconf 84' lang='lat' dir='ltr'><strong>onerariarum</strong></span> <span class='ocrx_word' id='word_1_140' title='bbox 403 2513 625 2582; x_wconf 85' lang='lat' dir='ltr'><strong>ductoribus</strong></span> <span class='ocrx_word' id='word_1_141' title='bbox 644 2527 818 2604; x_wconf 85' lang='lat' dir='ltr'><strong>vectura,</strong></span> <span class='ocrx_word' id='word_1_142' title='bbox 842 2527 1021 2594; x_wconf 83' lang='lat' dir='ltr'><strong>austrum</strong></span> 
     </span>
     <span class='ocr_line' id='line_1_22' title="bbox 5 2613 1017 2686; baseline -0.003 -1"><span class='ocrx_word' id='word_1_143' title='bbox 5 2639 154 2686; x_wconf 68' lang='lat' dir='ltr'><strong>rversus</strong></span> <span class='ocrx_word' id='word_1_144' title='bbox 177 2616 219 2684; x_wconf 92' lang='lat' dir='ltr'><strong>in</strong></span> <span class='ocrx_word' id='word_1_145' title='bbox 234 2613 398 2686; x_wconf 88' lang='lat' dir='ltr'><strong>Daniam</strong></span> <span class='ocrx_word' id='word_1_146' title='bbox 427 2614 649 2684; x_wconf 87' lang='lat' dir='ltr'><strong>transmisit.</strong></span> <span class='ocrx_word' id='word_1_147' title='bbox 712 2614 835 2684; x_wconf 90' lang='lat' dir='ltr'><strong>Simul</strong></span> <span class='ocrx_word' id='word_1_148' title='bbox 857 2637 948 2684; x_wconf 88' lang='lat' dir='ltr'><strong>vero</strong></span> <span class='ocrx_word' id='word_1_149' title='bbox 972 2629 1017 2683; x_wconf 85' lang='lat' dir='ltr'><strong>ac</strong></span> 
     </span>
     <span class='ocr_line' id='line_1_23' title="bbox 24 2715 1096 2816; baseline -0.002 -32"><span class='ocrx_word' id='word_1_150' title='bbox 24 2727 170 2785; x_wconf 88' lang='lat' dir='ltr'><strong>terram</strong></span> <span class='ocrx_word' id='word_1_151' title='bbox 186 2717 228 2784; x_wconf 91' lang='lat' dir='ltr'><strong>in</strong></span> <span class='ocrx_word' id='word_1_152' title='bbox 237 2715 532 2816; x_wconf 75' lang='lat' dir='ltr'><strong>Daniapedibus</strong></span> <span class='ocrx_word' id='word_1_153' title='bbox 542 2715 743 2809; x_wconf 75' lang='lat' dir='ltr'><strong>tetigisset,</strong></span> <span class='ocrx_word' id='word_1_154' title='bbox 771 2715 873 2785; x_wconf 89' lang='lat' dir='ltr'><strong>solus</strong></span> <span class='ocrx_word' id='word_1_155' title='bbox 887 2737 1017 2814; x_wconf 79' lang='lat' dir='ltr'><strong>anave</strong></span> <span class='ocrx_word' id='word_1_156' title='bbox 1093 2745 1096 2749; x_wconf 86' lang='lat'>·</span> 
     </span>
     <span class='ocr_line' id='line_1_24' title="bbox 24 2816 1025 2909; baseline -0.003 -24"><span class='ocrx_word' id='word_1_157' title='bbox 24 2821 64 2886; x_wconf 90' lang='lat' dir='ltr'><strong>in</strong></span> <span class='ocrx_word' id='word_1_158' title='bbox 81 2819 229 2909; x_wconf 89' lang='lat' dir='ltr'><strong>sylvam</strong></span> <span class='ocrx_word' id='word_1_159' title='bbox 245 2840 284 2884; x_wconf 90' lang='lat' dir='ltr'><strong>se</strong></span> <span class='ocrx_word' id='word_1_160' title='bbox 295 2816 462 2908; x_wconf 81' lang='lat' dir='ltr'><strong>recepit,</strong></span> <span class='ocrx_word' id='word_1_161' title='bbox 491 2817 781 2892; x_wconf 83' lang='lat' dir='ltr'><strong>convectoribus</strong></span> <span class='ocrx_word' id='word_1_162' title='bbox 797 2819 924 2909; x_wconf 82' lang='lat' dir='ltr'><strong>valere</strong></span> <span class='ocrx_word' id='word_1_163' title='bbox 938 2837 1025 2884; x_wconf 85' lang='lat' dir='ltr'><strong>non-</strong></span> 
     </span>
     <span class='ocr_line' id='line_1_25' title="bbox 25 2914 1018 3010; baseline -0.003 -24"><span class='ocrx_word' id='word_1_164' title='bbox 25 2920 159 3006; x_wconf 81' lang='lat' dir='ltr'><strong>jussis3</strong></span> <span class='ocrx_word' id='word_1_165' title='bbox 186 2917 381 3006; x_wconf 79' lang='lat' dir='ltr'><strong>neminem</strong></span> <span class='ocrx_word' id='word_1_166' title='bbox 396 2915 556 3010; x_wconf 72' lang='lat' dir='ltr'><strong>rogavit3</strong></span> <span class='ocrx_word' id='word_1_167' title='bbox 580 2930 625 2985; x_wconf 90' lang='lat' dir='ltr'><strong>ut</strong></span> <span class='ocrx_word' id='word_1_168' title='bbox 644 2916 716 2986; x_wconf 91' lang='lat' dir='ltr'><strong>sibi</strong></span> <span class='ocrx_word' id='word_1_169' title='bbox 732 2915 779 2986; x_wconf 88' lang='lat' dir='ltr'><strong>ad</strong></span> <span class='ocrx_word' id='word_1_170' title='bbox 791 2931 937 2987; x_wconf 87' lang='lat' dir='ltr'><strong>tractus</strong></span> <span class='ocrx_word' id='word_1_171' title='bbox 950 2914 1018 2996; x_wconf 84' lang='lat' dir='ltr'><strong>ha·</strong></span> 
     </span>
     <span class='ocr_line' id='line_1_26' title="bbox 26 3015 1018 3111; baseline -0.005 -24"><span class='ocrx_word' id='word_1_172' title='bbox 26 3020 166 3088; x_wconf 88' lang='lat' dir='ltr'><strong>bitatos</strong></span> <span class='ocrx_word' id='word_1_173' title='bbox 190 3019 291 3086; x_wconf 89' lang='lat' dir='ltr'><strong>viam</strong></span> <span class='ocrx_word' id='word_1_174' title='bbox 316 3032 568 3106; x_wconf 78' lang='lat' dir='ltr'><strong>monstraret,</strong></span> <span class='ocrx_word' id='word_1_175' title='bbox 604 3039 721 3110; x_wconf 86' lang='lat' dir='ltr'><strong>quare</strong></span> <span class='ocrx_word' id='word_1_176' title='bbox 748 3018 814 3088; x_wconf 90' lang='lat' dir='ltr'><strong>diu</strong></span> <span class='ocrx_word' id='word_1_177' title='bbox 838 3015 1018 3111; x_wconf 85' lang='lat' dir='ltr'><strong>insylvis</strong></span> 
     </span>
     <span class='ocr_line' id='line_1_27' title="bbox 28 3109 1019 3232; baseline -0.003 -45"><span class='ocrx_word' id='word_1_178' title='bbox 28 3121 187 3208; x_wconf 83' lang='lat' dir='ltr'><strong>erravit,</strong></span> <span class='ocrx_word' id='word_1_179' title='bbox 221 3117 454 3209; x_wconf 80' lang='lat' dir='ltr'><strong>tandemque</strong></span> <span class='ocrx_word' id='word_1_180' title='bbox 474 3143 520 3188; x_wconf 87' lang='lat' dir='ltr'><strong>ex</strong></span> <span class='ocrx_word' id='word_1_181' title='bbox 543 3121 647 3212; x_wconf 78' lang='lat' dir='ltr'><strong>sylva</strong></span> <span class='ocrx_word' id='word_1_182' title='bbox 663 3139 854 3212; x_wconf 85' lang='lat' dir='ltr'><strong>egressus,</strong></span> <span class='ocrx_word' id='word_1_183' title='bbox 879 3115 921 3186; x_wconf 88' lang='lat' dir='ltr'><strong>in</strong></span> <span class='ocrx_word' id='word_1_184' title='bbox 938 3109 1019 3232; x_wconf 78' lang='lat' dir='ltr'><strong>opi-</strong></span> 
     </span>
     <span class='ocr_line' id='line_1_28' title="bbox 27 3218 1068 3318; baseline -0.004 -30"><span class='ocrx_word' id='word_1_185' title='bbox 27 3222 175 3288; x_wconf 84' lang='lat' dir='ltr'><strong>lienem</strong></span> <span class='ocrx_word' id='word_1_186' title='bbox 197 3218 387 3311; x_wconf 88' lang='lat' dir='ltr'><strong>quendam</strong></span> <span class='ocrx_word' id='word_1_187' title='bbox 411 3219 556 3289; x_wconf 85' lang='lat' dir='ltr'><strong>incidit.</strong></span> <span class='ocrx_word' id='word_1_188' title='bbox 624 3221 699 3314; x_wconf 85' lang='lat' dir='ltr'><strong>Qui</strong></span> <span class='ocrx_word' id='word_1_189' title='bbox 715 3242 803 3290; x_wconf 90' lang='lat' dir='ltr'><strong>cum</strong></span> <span class='ocrx_word' id='word_1_190' title='bbox 822 3219 1019 3290; x_wconf 86' lang='lat' dir='ltr'><strong>convenis</strong></span> <span class='ocrx_word' id='word_1_191' title='bbox 1063 3306 1068 3318; x_wconf 86' lang='lat'>.</span> 
     </span>
     <span class='ocr_line' id='line_1_29' title="bbox 29 3319 1123 3419; baseline -0.004 -30"><span class='ocrx_word' id='word_1_192' title='bbox 29 3336 130 3408; x_wconf 85' lang='lat' dir='ltr'><strong>sent,</strong></span> <span class='ocrx_word' id='word_1_193' title='bbox 166 3319 419 3390; x_wconf 88' lang='lat' dir='ltr'><strong>consederunt</strong></span> <span class='ocrx_word' id='word_1_194' title='bbox 440 3333 479 3389; x_wconf 89' lang='lat' dir='ltr'><strong>et</strong></span> <span class='ocrx_word' id='word_1_195' title='bbox 495 3321 856 3419; x_wconf 76' lang='lat' dir='ltr'><strong>colloquebantur,</strong></span> <span class='ocrx_word' id='word_1_196' title='bbox 875 3320 1020 3391; x_wconf 85' lang='lat' dir='ltr'><strong>Firmus</strong></span> <span class='ocrx_word' id='word_1_197' title='bbox 1118 3385 1123 3400; x_wconf 79' lang='grc'>,</span> 
     </span>
     <span class='ocr_line' id='line_1_30' title="bbox 29 3417 1097 3514; baseline -0.003 -24"><span class='ocrx_word' id='word_1_198' title='bbox 29 3446 78 3490; x_wconf 85' lang='lat' dir='ltr'><strong>an</strong></span> <span class='ocrx_word' id='word_1_199' title='bbox 90 3422 234 3490; x_wconf 83' lang='lat' dir='ltr'><strong>breve</strong></span> <span class='ocrx_word' id='word_1_200' title='bbox 224 3437 299 3489; x_wconf 82' lang='lat' dir='ltr'><strong>tter</strong></span> <span class='ocrx_word' id='word_1_201' title='bbox 316 3417 364 3514; x_wconf 83' lang='lat' dir='ltr'><strong>ad</strong></span> <span class='ocrx_word' id='word_1_202' title='bbox 381 3435 524 3490; x_wconf 86' lang='lat' dir='ltr'><strong>tractus</strong></span> <span class='ocrx_word' id='word_1_203' title='bbox 542 3422 736 3492; x_wconf 85' lang='lat' dir='ltr'><strong>habitatos</strong></span> <span class='ocrx_word' id='word_1_204' title='bbox 754 3433 873 3510; x_wconf 79' lang='lat' dir='ltr'><strong>esset,</strong></span> <span class='ocrx_word' id='word_1_205' title='bbox 901 3421 1020 3488; x_wconf 87' lang='lat' dir='ltr'><strong>inter·</strong></span> <span class='ocrx_word' id='word_1_206' title='bbox 1094 3499 1097 3511; x_wconf 41' lang='grc' dir='ltr'>Ι</span> 
     </span>
     <span class='ocr_line' id='line_1_31' title="bbox 29 3517 1022 3635; baseline -0.002 -45"><span class='ocrx_word' id='word_1_207' title='bbox 29 3524 188 3635; x_wconf 81' lang='lat' dir='ltr'><strong>rogavit.</strong></span> <span class='ocrx_word' id='word_1_208' title='bbox 218 3521 319 3612; x_wconf 84' lang='lat' dir='ltr'><strong>Opil</strong></span> <span class='ocrx_word' id='word_1_209' title='bbox 310 3545 347 3589; x_wconf 84' lang='lat' dir='ltr'><strong>ro</strong></span> <span class='ocrx_word' id='word_1_210' title='bbox 361 3523 414 3593; x_wconf 86' lang='lat' dir='ltr'><strong>sic</strong></span> <span class='ocrx_word' id='word_1_211' title='bbox 426 3545 506 3591; x_wconf 87' lang='lat' dir='ltr'><strong>esse</strong></span> <span class='ocrx_word' id='word_1_212' title='bbox 513 3517 732 3592; x_wconf 84' lang='lat' dir='ltr'><strong>affirmavit</strong></span> <span class='ocrx_word' id='word_1_213' title='bbox 761 3523 905 3593; x_wconf 85' lang='lat' dir='ltr'><strong>Firmus</strong></span> <span class='ocrx_word' id='word_1_214' title='bbox 920 3541 1022 3614; x_wconf 84' lang='lat' dir='ltr'><strong>quae-</strong></span> 
     </span>
    </p>
   </div>
   <div class='ocr_carea' id='block_1_3' title="bbox 32 3619 1186 3711">
    <p class='ocr_par' dir='ltr' id='par_1_4' title="bbox 32 3619 1186 3711">
     <span class='ocr_line' id='line_1_32' title="bbox 32 3619 1186 3711; baseline 0.003 -22"><span class='ocrx_word' id='word_1_215' title='bbox 32 3623 140 3711; x_wconf 85' lang='lat' dir='ltr'><strong>sivit,</strong></span> <span class='ocrx_word' id='word_1_216' title='bbox 173 3647 222 3692; x_wconf 93' lang='lat' dir='ltr'><strong>an</strong></span> <span class='ocrx_word' id='word_1_217' title='bbox 245 3635 369 3691; x_wconf 87' lang='lat' dir='ltr'><strong>vestes</strong></span> <span class='ocrx_word' id='word_1_218' title='bbox 384 3643 516 3692; x_wconf 90' lang='lat' dir='ltr'><strong>secum</strong></span> <span class='ocrx_word' id='word_1_219' title='bbox 529 3636 768 3692; x_wconf 85' lang='lat' dir='ltr'><strong>commutare</strong></span> <span class='ocrx_word' id='word_1_220' title='bbox 783 3625 918 3705; x_wconf 86' lang='lat' dir='ltr'><strong>vellet,</strong></span> <span class='ocrx_word' id='word_1_221' title='bbox 953 3619 1021 3690; x_wconf 73' lang='lat' dir='ltr'><strong>tell</strong></span> <span class='ocrx_word' id='word_1_222' title='bbox 1093 3639 1096 3644; x_wconf 84' lang='lat'>&#39;</span> <span class='ocrx_word' id='word_1_223' title='bbox 1181 3683 1186 3692; x_wconf 81' lang='grc'><em>.</em></span> 
     </span>
    </p>
   </div>
   <div class='ocr_carea' id='block_1_4' title="bbox 3 3720 1084 4320">
    <p class='ocr_par' dir='ltr' id='par_1_5' title="bbox 3 3720 1084 4320">
     <span class='ocr_line' id='line_1_33' title="bbox 34 3720 1084 3814; baseline 0 -24"><span class='ocrx_word' id='word_1_224' title='bbox 34 3746 72 3790; x_wconf 87' lang='lat' dir='ltr'><strong>se</strong></span> <span class='ocrx_word' id='word_1_225' title='bbox 105 3723 283 3793; x_wconf 88' lang='lat' dir='ltr'><strong>lubenter</strong></span> <span class='ocrx_word' id='word_1_226' title='bbox 311 3724 409 3792; x_wconf 89' lang='lat' dir='ltr'><strong>velle</strong></span> <span class='ocrx_word' id='word_1_227' title='bbox 439 3746 479 3792; x_wconf 88' lang='lat' dir='ltr'><strong>os</strong></span> <span class='ocrx_word' id='word_1_228' title='bbox 484 3725 623 3808; x_wconf 86' lang='lat' dir='ltr'><strong>tendit3</strong></span> <span class='ocrx_word' id='word_1_229' title='bbox 676 3725 806 3814; x_wconf 87' lang='lat' dir='ltr'><strong>itaque</strong></span> <span class='ocrx_word' id='word_1_230' title='bbox 833 3720 1019 3793; x_wconf 74' lang='lat' dir='ltr'><strong>fecerunt.</strong></span> <span class='ocrx_word' id='word_1_231' title='bbox 1041 3789 1048 3801; x_wconf 75' lang='grc'>,</span> <span class='ocrx_word' id='word_1_232' title='bbox 1076 3788 1084 3804; x_wconf 28' lang='grc' dir='ltr'>χ</span> 
     </span>
     <span class='ocr_line' id='line_1_34' title="bbox 33 3821 1023 3926; baseline -0.002 -34"><span class='ocrx_word' id='word_1_233' title='bbox 33 3824 174 3894; x_wconf 87' lang='lat' dir='ltr'><strong>Firmus</strong></span> <span class='ocrx_word' id='word_1_234' title='bbox 191 3821 379 3914; x_wconf 89' lang='lat' dir='ltr'><strong>loquitur:</strong></span> <span class='ocrx_word' id='word_1_235' title='bbox 409 3825 502 3916; x_wconf 87' lang='lat' dir='ltr'><strong>quid</strong></span> <span class='ocrx_word' id='word_1_236' title='bbox 523 3825 647 3926; x_wconf 81' lang='lat' dir='ltr'><strong>isthqc</strong></span> <span class='ocrx_word' id='word_1_237' title='bbox 672 3839 748 3913; x_wconf 77' lang='lat' dir='ltr'><strong>est,</strong></span> <span class='ocrx_word' id='word_1_238' title='bbox 784 3822 950 3893; x_wconf 90' lang='lat' dir='ltr'><strong>vestibus</strong></span> <span class='ocrx_word' id='word_1_239' title='bbox 976 3822 1023 3891; x_wconf 90' lang='lat' dir='ltr'><strong>il-</strong></span> 
     </span>
     <span class='ocr_line' id='line_1_35' title="bbox 3 3923 1023 4016; baseline 0 -26"><span class='ocrx_word' id='word_1_240' title='bbox 3 3923 219 4016; x_wconf 84' lang='lat' dir='ltr'><strong>ligatum?</strong></span> <span class='ocrx_word' id='word_1_241' title='bbox 267 3923 338 3994; x_wconf 89' lang='lat' dir='ltr'><strong>Ille</strong></span> <span class='ocrx_word' id='word_1_242' title='bbox 363 3940 514 3995; x_wconf 84' lang='lat' dir='ltr'><strong>contra:</strong></span> <span class='ocrx_word' id='word_1_243' title='bbox 558 3932 712 3994; x_wconf 76' lang='lat' dir='ltr'><strong>cruceni</strong></span> <span class='ocrx_word' id='word_1_244' title='bbox 749 3946 824 3994; x_wconf 88' lang='lat' dir='ltr'><strong>nos</strong></span> <span class='ocrx_word' id='word_1_245' title='bbox 852 3923 1023 3994; x_wconf 89' lang='lat' dir='ltr'><strong>christia-</strong></span> 
     </span>
     <span class='ocr_line' id='line_1_36' title="bbox 35 4019 1023 4116; baseline -0.002 -24"><span class='ocrx_word' id='word_1_246' title='bbox 35 4024 75 4092; x_wconf 90' lang='lat' dir='ltr'><strong>ni</strong></span> <span class='ocrx_word' id='word_1_247' title='bbox 98 4019 348 4116; x_wconf 77' lang='lat' dir='ltr'><strong>appellamus.</strong></span> <span class='ocrx_word' id='word_1_248' title='bbox 384 4027 496 4098; x_wconf 89' lang='lat' dir='ltr'><strong>Tune</strong></span> <span class='ocrx_word' id='word_1_249' title='bbox 515 4023 587 4096; x_wconf 88' lang='lat' dir='ltr'><strong>tibi</strong></span> <span class='ocrx_word' id='word_1_250' title='bbox 604 4024 835 4095; x_wconf 88' lang='lat' dir='ltr'><strong>christianus</strong></span> <span class='ocrx_word' id='word_1_251' title='bbox 857 4021 1023 4095; x_wconf 81' lang='lat' dir='ltr'><strong>videris?</strong></span> 
     </span>
     <span class='ocr_line' id='line_1_37' title="bbox 37 4123 1023 4218; baseline 0.001 -28"><span class='ocrx_word' id='word_1_252' title='bbox 37 4123 261 4214; x_wconf 84' lang='lat' dir='ltr'><strong>aitFinnus‚</strong></span> <span class='ocrx_word' id='word_1_253' title='bbox 290 4123 524 4218; x_wconf 88' lang='lat' dir='ltr'><strong>quomodo,</strong></span> <span class='ocrx_word' id='word_1_254' title='bbox 535 4127 752 4217; x_wconf 73' lang='grc'>15111150,11</span> <span class='ocrx_word' id='word_1_255' title='bbox 707 4124 806 4194; x_wconf 90' lang='lat' dir='ltr'><strong>lud</strong></span> <span class='ocrx_word' id='word_1_256' title='bbox 820 4137 897 4214; x_wconf 85' lang='lat' dir='ltr'><strong>est,</strong></span> <span class='ocrx_word' id='word_1_257' title='bbox 924 4123 1023 4193; x_wconf 88' lang='lat' dir='ltr'><strong>chri·</strong></span> 
     </span>
     <span class='ocr_line' id='line_1_38' title="bbox 39 4213 1024 4320; baseline 0.004 -30"><span class='ocrx_word' id='word_1_258' title='bbox 39 4225 203 4297; x_wconf 87' lang='lat' dir='ltr'><strong>stianurn</strong></span> <span class='ocrx_word' id='word_1_259' title='bbox 219 4227 326 4296; x_wconf 87' lang='lat' dir='ltr'><strong>esse?</strong></span> <span class='ocrx_word' id='word_1_260' title='bbox 388 4225 516 4320; x_wconf 88' lang='lat' dir='ltr'><strong>Opilio</strong></span> <span class='ocrx_word' id='word_1_261' title='bbox 536 4227 595 4307; x_wconf 82' lang='lat' dir='ltr'><strong>illi</strong></span> <span class='ocrx_word' id='word_1_262' title='bbox 614 4251 659 4296; x_wconf 88' lang='lat' dir='ltr'><strong>ea</strong></span> <span class='ocrx_word' id='word_1_263' title='bbox 673 4213 727 4295; x_wconf 82' lang='lat' dir='ltr'><strong>de</strong></span> <span class='ocrx_word' id='word_1_264' title='bbox 743 4249 807 4316; x_wconf 83' lang='lat' dir='ltr'><strong>re,</strong></span> <span class='ocrx_word' id='word_1_265' title='bbox 835 4221 1024 4318; x_wconf 85' lang='lat' dir='ltr'><strong>quantum</strong></span> 
     </span>
    </p>
   </div>
   <div class='ocr_carea' id='block_1_5' title="bbox 0 0 1340 4682">
    <p class='ocr_par' dir='ltr' id='par_1_6' title="bbox 0 0 1340 4682">
     <span class='ocr_line' id='line_1_39' title="bbox 0 0 1340 4682; baseline 0 0"><span class='ocrx_word' id='word_1_266' title='bbox 0 0 1340 4682; x_wconf 95' lang='lat' dir='ltr'><strong> </strong></span> 
     </span>
    </p>
   </div>
  </div>
 </body>
</html>
