2640 4682
47 423 150 489 mo
302 493 304 501 s
404 441 693 518 ξ,
878 401 967 516 ’133

133 588 140 606 ’
250 640 329 740 [ne
360 645 583 717 rnorvauo
600 649 816 758 rosana]

138 815 314 908 Cap.200.
367 821 449 890 Hac
459 817 592 888 eadem
606 832 746 910 aestate,
768 819 815 890 de
829 824 1025 914 quamodo

43 928 260 1007 actumst,
287 941 332 988 ex
351 919 516 990 Islandia
531 920 573 992 in
595 925 629 992 N
632 921 825 1015 orvegiam
842 926 1026 998 Thorval·

42 1017 106 1086 dus
121 1021 306 1091 Tasaldus
320 1011 506 1110 pervenit,
530 1023 749 1118 Vigeglumi
760 1047 806 1092 ex
822 1023 950 1096 sorore
960 1053 1026 1098 ne*

42 1139 124 1211 pos,
157 1120 217 1190 vir
238 1136 395 1212 aspectu
417 1123 597 1213 pulcher,
635 1137 779 1202 statura
806 1128 958 1219 grandis
987 1145 1035 1198 et·

40 1223 235 1310 robustus,
270 1235 386 1313 atque
403 1224 575 1313 pecuniae
590 1227 730 1320 largus.
783 1227 1024 1313 Thorvaldns
1068 1307 1071 1320 ,

41 1346 82 1389 ex
99 1322 243 1392 altoad
267 1324 602 1402 Thrandheimum
621 1327 789 1416 delatus,
814 1352 950 1412 navem
975 1331 1024 1407 ad

39 1424 274 1497 Nidarosiam
296 1425 507 1498 constituit.
560 1431 663 1500 Tum
683 1451 751 1498 rex
769 1429 929 1521 Olavus,
956 1431 1023 1522 qui

38 1553 155 1622 nuper
177 1531 225 1601 ab
247 1527 475 1597 australibus
493 1529 603 1622 regni
619 1530 790 1620 partibus
807 1531 1021 1623 advenerat,

38 1631 74 1702 in
90 1630 231 1723 oppido
247 1628 397 1716 aderat,
425 1627 492 1719 qui
510 1628 652 1698 certior
668 1629 807 1720 lactus,
834 1647 1022 1702 mercato-

36 1756 90 1802 res
106 1725 284 1801 ethni'cos
299 1733 346 1800 ab
362 1729 526 1800 Islandia
536 1730 743 1819 advenisse,
758 1733 1022 1806 Thorvaldum

35 1833 80 1902 ad
103 1857 143 1904 se
160 1846 343 1904 vocatum
355 1831 543 1923 baptismo
555 1831 702 1902 initiari
719 1833 841 1920 jussit
897 1833 1020 1912 Thor-

35 1935 160 2004 valdus
183 1934 307 2003 fassus
326 1945 401 2021 est,
435 1956 475 2001 se
495 1933 604 2025 regio
631 1932 752 2006 favori
766 1935 1018 2026 tributurum,

36 2050 75 2104 ut
92 2036 330 2128 baptismum
349 2033 494 2106 subiret
517 2034 824 2129 religionemque
846 2035 1019 2108 christia-

36 2159 116 2218 nam
132 2137 443 2228 amplecteretur.
478 2137 560 2208 Rex
577 2159 668 2212 eum
679 2137 754 2214 huc¹
770 2137 1020 2216 sinceriorem
1063 2213 1065 2226 ¹

36 2239 240 2308 amicitiam
256 2255 366 2306 suam
384 2251 636 2327 experturum
654 2237 838 2327 ostendit,
866 2259 941 2329 quo
963 2237 1017 2306 fa·
1125 2285 1128 2290 -

37 2339 139 2407 cilius
161 2339 274 2409 dictis
290 2338 367 2406 suis
383 2338 587 2407 obsecutus
602 2352 712 2418 esset.
772 2343 877 2410 Turn
892 2339 1017 2416 Thor-

33 2441 157 2510 valdus
184 2440 398 2530 navitaeque
424 2438 485 2507 sui
511 2432 702 2531 baptizati.
777 2439 1017 2512 Thorvaldus

33 2539 196 2612 hiemem
214 2539 316 2631 apucl
332 2560 465 2633 regem
481 2540 642 2634 peregit,
667 2539 772 2616 haud
782 2539 858 2617 levi
870 2540 1016 2616 honore

33 2639 189 2712 habitus.
245 2641 430 2735 Sigurdus
447 2641 571 2736 dictus
589 2657 646 2711 est
665 2638 946 2733 aulicus'regis,
961 2643 1015 2712 al·
1107 2700 1111 2710 .

33 2753 84 2810 ter
97 2743 279 2837 Helgius,
306 2733 419 2812 ambo
437 2742 667 2814 strenuitate
686 2741 904 2834 conspicui,
931 2741 1015 2836 regi

33 2844 114 2934 cari,
140 2843 298 2938 ingenio
311 2865 401 2914 vero
412 2841 619 2914 admodum
636 2843 849 2917 dissimiles,
884 2841 1014 2936 Sigur·
1085 2915 1090 2942 ¹

33 2941 93 3013 clus
111 2945 270 3040 ingenio
289 2959 371 3014 erat
387 2944 577 3036 populari,
603 2944 769 3038 Helgius
786 2966 875 3012 vero
883 2941 1012 3012 indole

30 3041 254 3117 intractabili
272 3061 311 3115 et
324 3045 491 3115 subdola.
547 3043 763 3142 Thorraldo
781 3043 944 3116 Tasaldo
955 3043 1013 3114 in·
1120 3113 1123 3122 ,

30 3157 82 3213 ter
90 3147 158 3218 hos
176 3169 247 3238 per
255 3147 425 3217 hiemem
442 3147 548 3218 sedes
566 3146 765 3244 designata
778 3144 865 3214 fuit.
917 3147 1012 3218 Hel-

31 3245 108 3336 gius
126 3247 346 3324 Thorvaldo
363 3247 576 3338 invidebat,
604 3247 644 3318 e't
657 3247 699 3316 in
715 3246 893 3318 omnibus
909 3243 944 3314 ei
953 3245 1012 3318 iu-

31 3345 161 3420 vidiam
175 3349 397 3439 concitavit,
424 3350 609 3444 Sigurdus
621 3370 711 3420 vero
729 3347 764 3415 oi
779 3347 1011 3444 benevolum

30 3467 65 3513 se
77 3451 266 3540 praebuit,
291 3471 411 3542 quare
425 3451 587 3543 Helgius
614 3473 659 3520 ex
677 3473 721 3518 ea
738 3447 883 3518 scamni
900 3459 1010 3536 parte

30 3551 215 3645 profugit,
255 3575 381 3641 neque
404 3551 506 3643 apud
528 3550 790 3625 Thorvaldum
814 3547 1011 3620 considere

30 3651 161 3738 voluit,
187 3649 276 3722 inde
293 3653 556 3726 Thorvaldum
570 3650 826 3726 cummaxime
840 3647 1009 3741 apudre-

31 3765 109 3838 gem
127 3753 352 3822 calumniari
371 3755 507 3845 coepit,
541 3755 583 3842 in
600 3777 691 3824 eum
709 3753 846 3840 finem,
882 3748 1009 3842 quoad

30 3869 89 3918 rex
106 3855 141 3922 ei
156 3854 353 3924 silentium
368 3852 653 3946 imperavisset,
692 3851 887 3944 inquiens:
928 3873 1008 3924 non
1107 3878 1113 3898 r

32 3955 116 4040 opu's
132 3969 206 4047 est,
233 3956 551 4030 utThorvaldum
570 3953 916 4042 aliosve-homines,
938 3949 1030 4043 qui‘
1072 4011 1075 4020 t

31 4070 173 4126 mecum
189 4071 289 4147 sunt,
304 4057 408 4148 apud
421 4081 484 4128 me
503 4055 666 4150 deferas,
683 4057 766 4146 ipse
783 4054 886 4126 enim
898 4071 1005 4134 meos

30 4155 160 4227 aulicos
176 4160 374 4251 explorare
392 4161 489 4230 volo.
568 4164 673 4234 Tum
692 4157 856 4252 Helgius
876 4155 1006 4248 Sigur-

32 4249 110 4326 dum
138 4275 270 4331 contra
300 4259 561 4334 Thorvaldum
591 4261 800 4334 accendere
831 4267 1004 4345 conatur,

1051 1409 1058 1461 l
