2640 4682
374 389 941 506 os'·-.-.-···-·-·--

308 635 502 738 tissimum
523 630 653 728 (caedis
669 627 883 720 auctorem)
906 628 1141 722 optaverim3
1173 655 1294 706 verum

306 735 465 828 tamen,
505 737 539 805 si
560 729 748 804 facinoris
771 743 904 800 auctor
932 746 1009 822 est,
1052 739 1238 826 quaeritor
1263 751 1294 806 et

211 907 213 912 .
307 833 482 954 patibulo
496 831 681 938 affigitor!
709 830 1058 906 GunnariBicolori
1074 837 1202 908 frater
1214 851 1292 926 erat,

308 940 465 1012 nomine
455 925 690 1050 Sigurdus',
716 932 775 1002 vir
790 931 912 1022 dives,
936 935 1040 1048 regis
1066 939 1181 1007 Olavi
1199 941 1293 1009 satel-

308 1045 384 1136 les,
405 1041 534 1132 eique
557 1036 785 1106 carissimus.
847 1032 956 1115 Hic
944 1055 988 1103 m
1005 1037 1149 1130 oppido
1164 1040 1292 1128 aderat,

310 1158 349 1254 qt
367 1155 411 1212 ut
425 1139 651 1226 resciverat,
677 1135 835 1228 fratrem
851 1134 1039 1226 supplicio
1056 1137 1292 1230 destinatum,

310 1269 402 1318 eum
417 1241 555 1338 quaerit
570 1253 610 1309 et
625 1235 791 1326 invenit,
830 1251 1018 1332 rogatque
1040 1261 1090 1307 an
1109 1240 1291 1330 facinoris,

310 1341 460 1453 quod
429 1367 464 1411 er
478 1341 715 1431 imputatum
729 1341 846 1426 esset,
873 1351 1007 1408 auctor
1023 1339 1099 1410 sit?
1145 1343 1293 1414 Gunnar

308 1453 507 1552 pernegat.
535 1436 743 1536 Sigurdus.
768 1439 842 1507 hoc
865 1449 996 1508 tamen
1015 1461 1087 1531 pro
1114 1459 1223 1512 certo
1240 1445 1292 1512 ha·

308 1544 438 1660 bema
449 1559 573 1635 atque
579 1541 637 1611 dic
652 1539 771 1628 mihi,
799 1525 891 1632 quid
913 1537 959 1608 de
977 1537 1051 1609 boc
1077 1563 1174 1614 casu
1197 1568 1293 1615 nove-

308 1647 374 1718 ris.
428 1643 618 1717 Gunnar:
644 1640 685 1710 id
703 1663 834 1740 neque
855 1631 944 1727 tibi,
972 1665 1100 1756 neque
1124 1645 1214 1714 aliis
1233 1646 1293 1715 hac

303 1747 393 1842 ⁴¹vice
410 1747 597 1816 indicabo.
666 1745 770 1814 Tum
793 1739 996 1833 Sigurdus.
1029 1744 1168 1862 itaque
1194 1746 1291 1817 saluti

308 1863 386 1950 tuae
404 1848 538 1942 consul
523 1845 580 1915 le!
634 1843 794 1914 Gunna'r
821 1842 875 1910 sic
898 1839 1010 1932 fecit,
1037 1847 1138 1918 etin
1163 1852 1291 1943 sylvam

204 2024 208 2032 ,
309 1939 449 2037 evasit,
487 1969 614 2036 neque
637 1955 812 2034 repertus
833 1955 915 2042 est3
948 1893 1088 2015 deinde
1114 1950 1291 2023 orientem

271 2126 274 2132 ,
308 2071 439 2118 versus
464 2061 616 2118 montes
641 2057 815 2135 superat,
851 2055 890 2112 et
904 2049 975 2136 pe'r
992 2049 1200 2138 Upplanda
1218 2073 1316 2142 pro·

308 2132 462 2246 iugit,
472 2163 512 2217 et
538 2169 620 2238 qua
636 2145 780 2238 potuit
791 2144 1058 2238 delitescebat,
1086 2173 1169 2221 non
1188 2155 1288 2220 inter·

129 2329 131 2348 Ι
221 2316 224 2330 ,
309 2252 426 2340 misso
451 2249 639 2338 itinere,'
653 2245 837 2346 'donecin
853 2247 1050 2318 Svethiam
1070 2251 1287 2343 perveniret.

310 2333 387 2424 Hic
418 2374 462 2421 eo
489 2364 665 2440 tempore
701 2347 826 2416 cultus
862 2320 1162 2424 simulacrorum
1191 2377 1315 2466 quam

308 2475 477 2522 maxime
491 2451 675 2532 florebat
703 2447 1000 2542 druqueFreyus
1011 2473 1164 2524 summa
1175 2429 1315 2546 re11g1

215 2555 220 2568 “
310 2577 383 2646 pne
410 2553 536 2622 cultus
562 2549 706 2640 fuerat,
735 2551 843 2635 cujus
861 2548 1115 2624 'simulacrum
1133 2568 1234 2624 tanta
1257 2551 1286 2620 ι1

309 2635 517 2726 adauctum
530 2666 608 2741 est,
634 2666 679 2720 ut
693 2650 864 2719 diabolus
881 2673 957 2744 per
964 2652 1115 2723 idolum
1131 2679 1218 2724 cum
1231 2656 1314 2734 ho

308 2748 478 2825 minibus
493 2702 728 2846 loqueretur.
782 2749 879 2844 Frey
883 2776 904 2821 o
915 2749 1001 2821 data
1016 2769 1073 2824 est
1087 2731 1285 2841 famulaju·
1313 2715 1314 2828 1

308 2853 416 2926 venis
442 2869 480 2923 et
505 2855 694 2937 formosa,
732 2832 970 2925 credebatur
980 2857 1109 2949 vulga,
1137 2859 1285 2950 Freyum

309 2957 440 3058 vivum
462 2969 560 3044 esse,
588 2954 628 3024 id
643 2953 745 3047 quod
764 2954 889 3046 aliqua
905 2978 950 3023 ex
962 2971 1072 3046 parte
1088 2957 1211 3028 visum
1227 2967 1283 3040 est,

311 3051 424 3158 eique
445 3079 540 3148 opus
559 3079 640 3126 esse
664 3057 870 3146 putabant,
911 3070 955 3124 ut
979 3079 1070 3128 cum
1094 3083 1209 3128 uxore
1229 3079 1313 3142 sua

216 3195 219 3206 ·
309 3183 395 3244 rem
419 3157 589 3228 haberet.
648 3161 862 3228 Decretum
884 3170 960 3245 est,
995 3171 1039 3226 ut
1067 3181 1111 3227 ea
1136 3179 1281 3228 unacum

310 3263 433 3353 Freyo
450 3259 597 3350 templo
609 3271 647 3326 et
664 3258 841 3328 omnibus
859 3257 1119 3344 adjacentibus
1138 3259 1281 3328 maxime

310 3374 502 3454 praeesset.
569 3363 657 3430 Huc
679 3350 835 3428 tandem
860 3356 921 3428 del
908 3361 1006 3428 latus
1014 3359 1183 3432 Gunnar
1196 3359 1279 3428 Bito

309 3463 391 3577 lor,
427 3463 473 3530 ab
498 3481 617 3530 uxore
651 3458 764 3552 Freyi
798 3458 986 3528 auxilium
1004 3451 1312 3572 hospitiumque

251 3560 255 3567 ’
310 3562 459 3655 petivit
511 3555 627 3656 ',Quae
656 3573 749 3630 eum
763 3558 921 3648 intuita,
949 3583 1033 3650 quis
1049 3577 1169 3650 esset,
1201 3579 1276 3651 qua·

311 3663 409 3734 sivit.
463 3661 534 3733 Ille
549 3687 589 3744 se
607 3685 785 3732 erronem
801 3658 946 3731 vilioris
964 3675 1064 3730 notae
1085 3678 1123 3730 et
1135 3656 1277 3776 peregri·

310 3785 407 3848 num
425 3763 616 3862 professus
636 3777 702 3832 est
758 3761 1311 3840 Cu1111an0ntuomn1ex

310 3879 420 3955 parte
447 3863 665 3934 fortunatus
691 3885 771 3932 esse
790 3861 949 3948 videris3
972 3867 1116 3958 Freyus
1135 3864 1229 3934 enim
1248 3871 1276 3922 te

312 3964 490 4054 propitiis
517 3965 639 4035 oculis
662 3987 741 4034 non
753 3963 939 4072 adspicit.
1007 3969 1118 4036 Nunc
1144 3964 1204 4034 h1c
1219 3979 1274 4051 pn

311 4088 421 4134 mum
436 4079 514 4132 tres
533 4080 664 4136 noctes
684 4062 850 4166 quiesce,
878 4079 922 4135 ut
936 4064 1152 4155 rideamne,
1177 4065 1310 4150 siquo

313 4161 427 4232 modo
439 4165 754 4275 Freyoproberis
784 4163 944 4259 Gunnar
959 4166 1181 4256 respondet:
1173 4153 1310 4232 rit-ul

313 4275 354 4327 to
380 4260 497 4331 satius
519 4264 667 4372 judico,
700 4280 770 4335 tuo
788 4267 931 4337 auxilio
952 4279 990 4336 et
1007 4267 1148 4360 gratia,
1176 4269 1273 4355 quam

1293 4493 1309 4652 l
