2626 4678
30 439 148 509 toto.¹
262 483 266 494 .
375 443 667 521 z]
874 425 937 517 ’37

782 540 788 578 Ι

27 653 101 724 Rex
133 644 378 722 Hallfriidum
411 641 648 738 baptizatum
683 651 881 722 avunculis
907 648 999 741 suis,

27 748 255 824 Karlshiifudi
271 762 311 816 et
329 745 698 841 sosteintsradidit,
737 764 783 818 ut
797 751 999 825 eumste-

28 857 69 922 do
88 866 124 921 et
151 855 276 922 Pater
302 861 433 920 noster
451 846 644 918 docerent.
698 855 803 924 Tum
827 865 867 921 et
883 851 1000 920 Bran·

28 953 86 1022 dus
101 950 268 1022 liberalis
286 965 326 1020 et
341 949 500 1040 fratreS,
539 949 611 1020 filii
627 949 818 1022 Breidaae·
828 950 998 1046 skeggii,

26 1054 156 1145 aliique
170 1075 305 1124 omnes
318 1050 480 1142 Islandi,
508 1051 576 1142 qui
594 1051 637 1122 in
654 1051 796 1152 oppido
806 1065 925 1141 erant,
939 1076 999 1121 re·
1089 1063 1091 1070 “

26 1154 198 1248 ligionem
225 1152 473 1224 christianam
500 1152 671 1244 amplexi
703 1167 805 1232 sunt,
884 1155 997 1224 Festo

24 1277 99 1325 vero
114 1254 259 1327 Jolensi
280 1266 484 1348 vergente,
532 1277 621 1344 rex,
660 1255 788 1334 missis
811 1253 854 1334 in
875 1255 998 1325 Strin-

24 1355 116 1448 dam,
142 1355 419 1434 Gaulardalum
434 1367 478 1426 et
491 1353 745 1435 Orkardalum
759 1355 918 1446 nuntiis,
932 1377 998 1447 op·

23 1459 159 1528 timates
178 1458 353 1552 aliosque
371 1446 539 1550 t'nognos¹
556 1458 712 1529 colonos
737 1457 785 1536 ad
801 1480 842 1526 se
858 1457 997 1526 invita-

22 1559 83 1648 rit,
108 1558 174 1652 qui
192 1551 347 1648 ornnes,
374 1579 465 1626 cum
479 1556 630 1634 invitati
652 1558 700 1634 ad
719 1579 852 1652 regern
865 1560 998 1673 perve-

24 1660 184 1750 nissent,
212 1660 260 1730 ab
287 1681 332 1732 eo
357 1679 507 1730 summa
530 1658 712 1734 comitate
739 1659 910 1752 excepti,
956 1672 997 1728 et
1107 1708 1112 1722 .
1158 1636 1160 1652 ¹

5 1760 205 1852 vsplendido
217 1759 396 1839 >convivio
416 1757 579 1836 adhibiti
603 1775 715 1859 sunt,
752 1761 891 1853 quibus
916 1783 997 1829 me·

22 1885 96 1932 rum
112 1877 222 1933 tanto
248 1859 376 1940 studio
395 1872 554 1952 tamque
575 1857 755 1976 ampliter
775 1875 997 1956 appos1tum
1015 1932 1017 1944 ,

24 1977 87 2053 est,
110 1979 154 2033 ut
170 1961 300 2056 prima
315 1983 473 2053 vespera
490 1961 638 2058 coloni,
666 1962 734 2055 qui
747 1983 871 2054 nuper
886 1961 997 2032 adve-

23 2079 159 2156 nerant,
198 2065 300 2140 bene
327 2062 412 2155 poti
435 2077 573 2140 essent
639 2063 864 2156 Insequenti
881 2075 1002 2131 nocte¹

24 2186 137 2240 omnes
151 2163 306 2258 placido
324 2185 458 2240 somno
473 2186 633 2258 corpora
649 2167 844 2250 cupabant.
877 2169 996 2237 Mane

23 2287 94 2356 rex,
130 2281 338 2360 postquam
365 2279 488 2334 vestes
510 2265 709 2355 induerat,
747 2265 905 2334 missam
924 2261 997 2332 sibi
1031 2341 1033 2346 ,

24 2368 93 2436 cani
113 2367 231 2453 fecit3
271 2390 346 2457 qua
369 2381 525 2458 peracta
547 2366 777 2438 concionem¹
795 2365 888 2434 tuba
908 2387 997 2433 con·

23 2470 166 2558 vocavit,
194 2469 359 2561 ipseque
374 2491 421 2537 eo
434 2491 525 2536 cum
544 2466 622 2536 suis
635 2490 676 2538 se
691 2467 867 2538 contulit.
898 2465 997 2534 Con-

24 2585 136 2639 vocata
149 2592 243 2640 vero
255 2568 439 2637 concione
456 2569 759 2660 constitutaque,
777 2591 846 2638 rex
855 2568 996 2637 Olavus

24 2661 187 2764 surgens,
235 2670 341 2738 hunc
368 2669 411 2738 in
437 2668 597 2740 niodum
623 2671 738 2739 verba
763 2669 874 2737 iecit:
917 2671 996 2741 Nos

24 2770 144 2842 Frostae
163 2769 323 2841 comitia
342 2769 567 2860 habuimus,
593 2770 663 2840 ubi
678 2771 834 2840 colonos
850 2767 996 2858 adbap-

23 2870 164 2944 tismum
185 2869 474 2962 suscipiendum
490 2871 667 2959 invitavi3
681 2871 724 2942 hi
740 2893 830 2942 vero
850 2883 996 2958 contra,
1042 2895 1046 2903 “

25 2985 59 3038 ut
80 2975 124 3046 ad
148 2968 335 3044 sacrificia
355 2994 451 3040 cum·
466 2971 512 3040 iis
535 2979 791 3072 reverterem,
826 2971 996 3087 postula·
1043 2990 1048 3000 “

24 3088 122 3162 runt,
154 3077 212 3145 ita
228 3075 331 3155 inter
348 3093 418 3141 nos
435 3073 632 3162 convenit,
671 3087 717 3148 ut
736 3072 887 3150 Moeriae
907 3093 997 3140 con-

24 3125 202 3247 verrimes
228 3196 414 3268 magnum
440 3172 496 3242 ibi
516 3175 776 3252 sacrificium
765 3187 997 3250 instaurare·

25 3293 127 3346 mus..
180 3281 330 3350 Notum
356 3277 447 3352 iero
465 3289 534 3351 est
555 3263 734 3347 omnibus
758 3275 995 3363 horninibus,

25 3379 223 3448 memult1s
267 3375 515 3454 contumeliis
553 3349 643 3446 deos
684 3377 876 3466 affecisse,
935 3397 1002 3444 eo·-

25 3492 97 3546 rum
117 3477 302 3571 potestati
343 3475 574 3566 detraxisse,
612 3477 744 3550 fractis
780 3501 918 3549 eorum
949 3475 999 3544 si·

26 3580 207 3688 nulacris,
253 3577 351 3656 fanis
376 3591 418 3646 et
440 3526 591 3648 sacellis
600 3579 895 3694 concrernatis,
918 3601 999 3647 om-

27 3675 162 3752 nimodo
187 3705 323 3752 eorum
341 3679 491 3749 cultum
514 3679 754 3774 exstirpasse.
807 3678 999 3775 Quamob-

27 3793 178 3872 rem,a
157 3782 292 3854 adeos
322 3779 645 3874 reconciliandos,
683 3801 825 3877 magno
843 3780 999 3874 piaculo
1067 3840 1076 3864 Ι
1160 3789 1163 3813 ¹

25 3927 275 3962 ’”·“·---ν·

88 4031 151 4084 gero
166 4037 214 4070 enn
226 4015 437 4090 Bjarloeyccrritt,
450 4015 498 4072 ubi
514 4034 548 4070 ex
560 4035 620 4070 mea
636 4016 766 4088 opinione
787 4011 1000 4068 subaudiendum

92 4117 127 4157 est
140 4111 222 4174 rino,
242 4128 288 4179 qu.
281 4107 331 4160 ..d
354 4109 512 4176 nullnmJus
525 4110 719 4166 mercatorum
761 4105 791 4174 ¹)
806 4103 909 4160 moroan
923 4105 954 4154 F.
969 4102 999 4167 S

93 4196 137 4250 Sk·
152 4221 178 4252 m
175 4199 281 4273 ttyrti
290 4200 401 4256 Νονὸνα
413 4220 463 4274 pro
481 4197 559 4272 hyr&
548 4223 558 4253 ι
576 4197 676 4254 norim
688 4197 785 4270 nid'jct,
805 4213 871 4250 onus
883 4193 1000 4246 filiorum

91 4288 236 4400 Nordrii,
225 4313 246 4346 ι
255 4313 279 4348 e·
295 4294 391 4352 coelum
404 4291 621 4366 septentrionale,
643 4289 780 4358 stadio
796 4289 840 4342 23.
