2628 4678
32 437 202 518 etot.¹
288 431 330 548 ι·
390 421 659 504 ..Q-¹·-
858 411 1012 514 245·

31 653 272 736 donaturum}
308 647 340 716 si
374 669 463 715 vero
496 647 602 717 tuam
636 649 677 719 in
690 673 764 742 ,me
797 651 913 720 'sideni
937 669 1016 721 non
1090 721 1096 730 ,

29 755 157 844 prodis,
183 754 293 834 bene,
319 761 485 836 utente,
515 750 562 818 de
583 753 842 840 mesmerebis.
896 751 1015 822 Dein·
1093 781 1097 793 ·

29 855 68 923 de
85 855 195 948 ambri
215 849 443 942 vigilabant,
476 861 520 917 ut
538 851 568 918 si
588 865 730 920 neuter
756 851 866 920 alteri
888 853 1016 922 crede·
1108 857 1110 864 '

28 973 90 1024 ret.
130 958 299 1044 Dynasta
315 961 456 1040 autem,
478 951 552 1020 sub
571 951 697 1020 lucem
717 951 1014 1046 obdormispens,
1077 991 1080 996 ·

28 1079 107 1124 mox
120 1049 321 1122 insomniis
339 1051 520 1142 agitatus,
551 1049 789 1122 horrendum
824 1054 1014 1146 clamavit,
1030 1081 1034 1098 ι

28 1173 59 1224 et
76 1155 240 1226 calcibus
257 1170 296 1221 et
314 1149 478 1240 occipite
496 1151 569 1220 niti
587 1155 721 1244 coepit,
747 1170 792 1222 ut
808 1156 840 1223 si
859 1176 1016 1223 consur·
1050 1215 1054 1224 .

27 1279 107 1350 gere
130 1256 206 1323 vell
210 1267 258 1322 et.
306 1253 388 1350 Qua
405 1274 445 1320 re
458 1274 599 1339 servus,
621 1254 780 1322 horrore
799 1270 837 1323 et
852 1257 1012 1323 timore¹
1125 1311 1130 1322 ,

27 1369 224 1448 correptus,
248 1352 444 1420 cultrum
433 1367 641 1462 ingentem
651 1368 689 1422 et
707 1370 862 1423 acutum
882 1379 927 1422 ex
939 1356 1016 1424 cin·

26 1461 103 1552 gulo
123 1479 193 1526 suo
210 1451 438 1544 depromsit,
474 1475 598 1544 eoque
625 1455 830 1540 trajectum
849 1455 1015 1549 dynastae

25 1575 147 1652 guttur
164 1557 344 1637 dissecat3
369 1551 443 1620 hoc
460 1553 573 1624 modo
587 1555 721 1626 Hakon
730 1557 892 1650 dynasta
915 1581 1015 1626 mor·
1101 1607 1105 1614 ·

25 1676 93 1728 tem
112 1657 218 1729 obiit.
272 1599 423 1726 Deinde
440 1655 582 1752 Karkus
602 1670 718 1748 caput
738 1658 902 1750 dynastae
918 1681 1014 1750 prae-

27 1761 137 1830 cisum
161 1752 320 1848 abstulit
349 1776 498 1842 secum,
537 1777 731 1848 cursuque
757 1758 898 1830 Hladas
926 1781 1015 1827 con-

26 1861 147 1948 tendit,
174 1858 251 1950 quo
269 1854 453 1948 postridie
467 1857 705 1946 perveniens,
725 1859 808 1952 regi
818 1859 935 1927 Ola'vo
954 1882 1015 1927 ca·
1075 1851 1086 1932 ¹.

27 1979 84 2051 put
101 1955 415 2053 dynastae-tradit,
432 1957 639 2048 omniaque
656 1958 702 2030 de
721 1958 1014 2048 itinereeorum,

27 2064 71 2131 uti
93 2076 184 2131 ante
201 2056 544 2128 commemoratum
563 2072 640 2147 est,
676 2057 847 2151 exponit..
911 2064 1015 2132 Turn

25 2185 79 2230 rex
95 2151 239 2230 Olavus
258 2157 363 2242 infit:
405 2180 521 2246 quarn
539 2157 585 2226 ob
611 2182 764 2232 causam
782 2159 899 2230 fidem
926 2181 1015 2253 erga
1046 2244 1050 2253 ἱ

26 2263 213 2354 dynastam
241 2255 435 2328 fefellisti?
469 2259 614 2329 Karkus
646 2261 871 2353 respondet:
896 2263 1014 2330 inter-

24 2362 87 2433 feci
108 2363 320 2455 dynastam
326 2357 491 2432 maxime
513 2373 674 2475 propter
693 2363 758 2452 spl
744 2359 897 2430 lendida
923 2383 1014 2451 pro·

26 2465 137 2553 missa,
163 2485 247 2553 quae
265 2459 459 2560 pollicitus
477 2481 529 2548 es,
552 2460 583 2528 si
609 2462 692 2552 quis
715 2485 806 2532 eum
823 2453 1021 2530 interfice
1107 2519 1110 2526 ,

25 2581 84 2653 ret,
107 2581 194 2634 tum
212 2578 345 2657 ettam,
369 2539 469 2650 quod
487 2560 568 2628 fere
587 2563 830 2652 nesciebam
847 2558 982 2654 qurd
972 2585 1015 2632 ιιι
1104 2551 1110 2566 '
1157 2565 1169 2592 '

24 2665 251 2734 terribilibus
269 2644 346 2731 illis
368 2659 502 2749 turbiS,
529 2685 622 2752 quas
644 2663 799 2755 dynasta
817 2613 1014 2732 interdur-

24 2766 212 2834 miendurn
232 2763 433 2849 excitabat,
448 2784 610 2857 agerem.
649 2765 730 2834 Rex
747 2776 900 2833 contra:
917 2787 1011 2856 prae·

25 2868 131 2954 stabo,
160 2889 244 2956 quae
264 2888 308 2933 ea
326 2861 433 2949 dere
453 2861 648 2953 pollicitus
662 2887 766 2952 sum,
789 2879 834 2934 ut
855 2864 1015 2959 dignum

24 2967 152 3036 referas
167 2964 310 3036 laboris
321 2961 542 3054 praemium,
569 2965 874 3057 superstitesque
892 2966 1016 3034 deter-

24 3067 127 3156 rebo,
155 3089 206 3136 ne
228 3064 401 3154 dominos
427 3063 513 3132 dolo
547 3066 787 3157 opprimant3
829 3065 900 3136 etsi
924 3081 1014 3144 tuus

23 3166 127 3236 herus
146 3167 270 3237 malus
295 3178 412 3251 esset,
439 3164 700 3236 nihilominus
721 3166 899 3237 dominus
922 3180 1013 3236 tuus

24 3267 87 3336 luit
96 3281 250 3359 ,atque
270 3216 432 3335 beneda
456 3267 697 3355 temeritas,
734 3289 860 3359 neque
874 3257 945 3356 tu,
982 3266 1014 3334 si

24 3367 114 3437 bono
125 3391 215 3438 usus
218 3360 379 3453 fuisses,
391 3366 630 3438 huncmmus
648 3367 861 3440 fefellisses.
880 3368 1014 3440 Dein
1087 3403 1091 3416 ·

26 3469 65 3536 de·
94 3485 283 3540 rex'eum
310 3466 440 3553 educi,
481 3485 676 3562 caputque
701 3470 899 3560 praecidi
888 3469 1011 3556 jussit.

26 3572 130 3660 Turn,
153 3570 288 3640 sumtis
305 3568 472 3639 Hakonis'
491 3568 658 3661 dynastae
676 3583 716 3637 et
741 3571 855 3641 Karki
885 3571 1013 3660 capiti·
1080 3572 1083 3576 ’

25 3668 102 3758 bus,
136 3695 202 3742 rex
219 3673 373 3743 olavus
374 3691 587 3765 magnaque
606 3693 695 3740 curn
714 3695 759 3739 eo
778 3671 1013 3740 rusticorum
1083 3711 1085 3718 ·

28 3772 224 3850 multitudo
250 3771 297 3843 ad
316 3770 634 3846 Nidarholmum²
663 3772 833 3870 trajecit,
865 3773 906 3841 in
939 3796 1014 3872 qua

25 3870 138 3941 insula
152 3875 251 3943 fures
276 3886 316 3940 et
339 3873 504 3942 malefici
529 3856 694 3942 interfici
720 3861 911 3962 solebant,
942 3873 1015 3942 ibi·
1033 3947 1035 3952 ,
1073 3945 1074 3952 ,

26 3995 94 4060 que
110 3975 221 4045 arbor
237 3973 363 4057 stetit3
395 3974 472 4044 huc
499 3997 567 4046 rex
590 3972 723 4064 capita
741 3973 880 4046 adferri
906 3989 944 4042 et
971 3973 1015 4040 in

64 4103 88 4168 ¹)
105 4104 293 4178 Feluujulqus
313 4102 447 4170 lrroedslu,
478 4071 516 4154 sic
534 4103 574 4179 F,
602 4103 633 4154 ol·
652 4077 769 4173 propit,
789 4107 825 4171 A«,
848 4104 919 4176 qnod
938 4120 1013 4171 pra·-

28 4195 153 4247 lerendutn
174 4211 244 4268 pulo.
266 4193 319 4280 ¹²)
340 4193 471 4249 Nr'd‘urdse
494 4197 533 4248 ob
548 4197 654 4266 ῌόίιηε,
687 4198 724 4265 B}
753 4217 791 4250 sc.
812 4196 972 4284 llld'l¹'⁰l“¹¹¹
987 4210 1014 4244 ιο

28 4287 129 4374 cotrtulit
145 4289 253 4360 indeque
274 4294 303 4342 in
324 4289 434 4342 insulani
455 4291 563 4354 trajecit·
