2634 4682
351 360 477 450 213,
639 381 916 446 ξ
1133 383 1315 452 orsu:

217 594 219 600 ·
281 594 367 662 sius
388 613 435 658 ex
452 586 696 678 hominibus„
723 591 790 681 qut
811 590 858 660 au
881 613 1020 662 navem
1048 587 1208 662 Gumis
1226 611 1273 656 rs
1314 570 1315 660 ζ

196 761 201 774 ,
289 693 548 785 migaverant,
577 712 673 758 nova
688 691 862 778 rescivit,
884 693 1104 779 interhaec,
1134 689 1274 761 Kolbei-
1314 743 1315 746 η

289 815 380 864 nem
392 789 551 860 fratrem
568 793 738 880 suumbb
753 813 845 886 rege
856 794 973 883 Olayo
991 793 1173 872 obsidem
1181 804 1275 858 tene·
1314 785 1315 792 '

288 894 342 981 ri,
367 905 521 981 tresque
535 890 628 958 alios
652 894 711 984 ¹),
747 894 789 964 in
803 893 959 969 comitia
975 893 1130 963 delatus
1150 896 1275 966 adven·

224 1055 228 1065 f
288 1009 374 1064 tum
394 989 553 1080 Hjaltii,
578 991 728 1085 aliaque
750 1010 836 1084 ques
855 994 1060 1064 resciverat
1078 1015 1204 1081 nova,
1228 1015 1274 1060 rs-

288 1093 390 1164 tulit.
452 1091 573 1164 Gizur
590 1107 630 1162 et
653 1094 821 1182 Hjaltius
846 1096 981 1167 eodem
999 1095 1063 1166 die
1083 1101 1277 1167 Vestmau·

288 1215 431 1286 naeyes
484 1197 714 1284 tenuerunt,
777 1218 856 1288 quo
897 1196 1109 1266 adventum
1150 1216 1277 1264 eorum

290 1299 318 1366 F
321 1295 437 1364 losius
464 1293 638 1385 rescivit,
678 1298 914 1389 appulsaque
947 1297 995 1366 ad
1014 1297 1277 1390 Hb'r'gaeyram

291 1396 497 1488 (lingulam
521 1393 788 1489 delubrorum)
809 1421 922 1488 nove,
950 1398 1057 1492 ligna
1074 1397 1120 1489 iu
1140 1409 1279 1466 terram

291 1498 545 1586 devexerunt,
566 1521 650 1590 quae
676 1521 743 1566 rex
761 1499 902 1569 Olavus
923 1499 1071 1590 templo
1098 1495 1276 1566 struendo

291 1597 412 1668 dolari
427 1595 589 1686 fecerat,
615 1598 783 1691 ipsisque
799 1599 975 1688 dederat,
999 1614 1200 1691 praecepto
1224 1595 1277 1666 ad·

291 1699 391 1788 dito,
431 1699 624 1789 templum
646 1699 700 1768 ibi
722 1700 983 1791 condendum,
1018 1699 1088 1770 ubi
1111 1700 1277 1790 primum

288 1799 338 1869 ad
361 1813 505 1868 terram
528 1801 778 1892 appulissent.
845 1805 958 1874 Jectoe
981 1801 1122 1870 deinde
1150 1813 1275 1883 sortes,

288 1897 423 1969 utrubi
439 1900 543 1970 sinus
561 1905 752 1992 templum
774 1901 1028 1986 stitueretur,
1069 1914 1110 1970 et
1124 1901 1276 1988 jubente
1314 1947 1316 1982 ,

289 2015 411 2088 sorte,
449 2000 567 2072 Gizur
588 2017 629 2072 et
650 2003 854 2089 Hjaltiusa
874 2002 1020 2076 boreali
1039 2016 1153 2094 parte
1176 2001 1274 2070 sinus
1315 2007 1316 2086 ἶ

254 2095 258 2106 ’
287 2101 480 2192 templum
497 2103 687 2189 educunt,
722 2103 785 2173 hic
800 2105 909 2195 prius
926 2105 1086 2176 delubra
1108 2099 1274 2172 ethnico
1314 2099 1316 2127 ¹

286 2225 376 2272 rum
387 2201 497 2272 fuere
517 2225 757 2298 magnusque
775 2205 1049 2276 sacrificiorum
1063 2215 1274 2296 apparatus,

211 2343 214 2350 ·
288 2326 374 2394 quae
390 2303 517 2374 omnia
532 2305 812 2376 destruxerunt.
868 2307 966 2378 Cum
984 2329 1076 2378 vero
1101 2305 1224 2378 Gizur
1242 2313 1275 2370 et

224 2453 230 2458 ·
286 2402 458 2491 Hjaltius
478 2405 573 2480 duos
592 2406 672 2476 dies
687 2408 728 2478 in
737 2405 873 2478 insulis
885 2405 1114 2482 commorati
1128 2405 1276 2476 fuerant

285 2517 330 2574 ,et
355 2518 500 2576 cratem
521 2507 659 2598 templi
680 2522 901 2598 erexerant,
925 2508 1016 2593 iude
1030 2506 1198 2600 proiecti
1219 2526 1275 2572 eo-

288 2605 379 2676 dem'
399 2604 461 2674 die
484 2607 726 2700 Eyasandum
749 2621 929 2700 tenuere„
955 2628 1038 2701 'quo
1055 2608 1098 2680 in
1122 2603 1274 2677 comitia

219 2789 222 2796 1
287 2706 520 2798 universalia
535 2707 635 2778 itum
654 2723 719 2778 est.
755 2709 874 2782 Gizur
890 2733 933 2781 ac
944 2708 1005 2782 sui
1019 2711 1064 2786 in
1081 2707 1274 2779 contineu-

288 2822 371 2878 tem
393 2806 529 2897 delati,
556 2811 682 2880 nullos
703 2833 846 2900 equos,
872 2813 979 2882 nulla
1000 2810 1152 2882 itineris
1174 2807 1273 2894 adju-

286 2921 417 2980 menta
436 2909 482 2976 ab
496 2908 651 3000 incolis,
675 2911 885 2984 oboriente
904 2911 1061 3004 (amuis)
1081 2910 1273 2996 Nordraae,

286 3009 568 3098 habitantibus,
595 3015 927 3104 acceperuqood
939 3013 981 3084 in
1001 3011 1064 3082 his
1078 3011 1177 3097 locis
1197 3011 1274 3080 ubi-

286 3133 363 3200 que
381 3109 543 3180 curiales
551 3113 705 3184 ttunotfl
719 3114 910 3204 pontificis
927 3113 1172 3200 babitabant,
1191 3133 1273 3203 qua·

172 3236 177 3249 2
285 3233 330 3292 re
348 3212 394 3280 ab
413 3213 561 3282 oriente
576 3235 732 3282 omnem
743 3215 848 3284 viem·
855 3216 1004 3306 pedites
1016 3211 1142 3302 ibant,
1157 3213 1273 3284 donet

286 3305 431 3384 Hifum
460 3313 725 3404 pervenirent,
775 3315 841 3384 ubi
868 3314 1074 3396 habitavit.
1089 3313 1272 3407 Skeggius

158 3499 161 3510 Ι
285 3413 444 3505 Asgauti
465 3414 585 3498 iilius,
620 3417 779 3506 ejusque
799 3417 900 3488 filius
924 3415 1187 3500 Thorvaidus,
1214 3409 1274 3504 qui

286 3514 1155 3605 uxorembabuitKoltorfam,sororemHjaltii
1164 3514 1273 3607 Skeg·

286 3613 344 3706 gii
354 3613 444 3697 filii3
471 3615 658 3709 Skeggius
675 3618 751 3686 illis
767 3617 944 3688 omnibus
968 3639 1087 3708 equos
1108 3617 1273 3705 aliosque

285 3734 347 3784 res
365 3717 594 3786 necessarias
621 3713 943 3808 subministravit,
980 3741 1071 3796 nam
1095 3715 1272 3790 Thorval-

286 3810 373 3900 dus,
399 3813 502 3884 iilius
513 3817 614 3905 ejus,
630 3799 918 3908 affinis‘Hjaltii‚
934 3819 982 3888 ad
1000 3819 1158 3888 comitia
1175 3817 1272 3907 equi·

283 3925 451 3999 taverot,
478 3915 567 3986 inde
585 3920 629 3987 iu
646 3919 931 4011 Laugardalum
953 3919 1075 4006 vecti,
1100 3933 1238 4010 petunt
1254 3938 1271 3982 a

238 4043 243 4056 ·
278 4011 448 4102 Biturs,
474 4029 520 4084 ut
536 4019 703 4106 Hjaltius
719 4019 774 4088 ibi
787 4034 1010 4118 remaneat,
1026 4021 1271 4113 nequeiuto·

288 4225 316 4293 ¹)
326 4240 351 4278 et
363 4230 435 4281 viros
450 4249 712 4308 supramemorata,
731 4241 765 4292 F.
