2628 4678
35 419 138 484 crea
257 368 268 500 f
304 401 312 412 “
353 364 655 476 ···-i..-...ss····..·.·.·
723 415 732 425 ·

32 651 141 721 passa,
166 626 572 717 maximequeputare,
600 623 797 718 dynastam
825 627 1009 700 adnaves
1114 709 1116 722 y
1174 677 1179 684 -

32 753 105 799 suas
130 749 165 798 se
189 728 421 813 contulisse,
446 724 582 815 quibus
606 740 690 795 tum
704 747 863 817 praeerat
877 733 1008 803 Erlen-

32 833 103 919 dus,
128 831 229 925 lilius
254 828 428 918 dynastae,
454 824 605 914 optimae
628 827 877 915 speijuvenis.
932 837 1008 922 Ap-

29 944 172 1021 petente
196 944 328 1012 nocte,
353 941 441 996 suos
464 928 509 994 ab
534 947 573 991 se
596 925 751 1018 dynasta
775 931 927 1021 dimisit,
951 936 1009 1021 ju·

29 1035 126 1119 bens,
149 1044 194 1100 ut
220 1053 290 1121 per
314 1027 508 1117 sylvestria
532 1025 577 1092 ad
594 1027 825 1102 Orkadalum
849 1052 1010 1103 conten·

30 1134 127 1202 dant:
155 1153 269 1202 nemo
295 1131 417 1216 enim,
445 1126 591 1216 inquit,
616 1130 707 1220 mali
723 1133 1013 1224 quidquamvo-¹

27 1236 78 1302 bis
99 1234 228 1319 faciet,
257 1231 289 1298 si
309 1232 439 1300 nullus
465 1228 602 1310 adero,
627 1229 706 1298 filio
732 1255 820 1306 meo
843 1236 1009 1305 Erlendo

30 1337 152 1418 dicite,
188 1347 232 1402 ut
265 1333 423 1400 classem
446 1342 613 1428 nostram
640 1352 686 1423 err
714 1331 801 1400 sidu
832 1336 1007 1424 deducat,

30 1435 231 1525 deindeque
246 1448 418 1501 austrum
432 1449 563 1498 versus
578 1429 624 1496 ad
641 1434 815 1502 Maeriam
831 1437 907 1504 mei
922 1459 1011 1505 con·
1070 1461 1076 1482 ⁴

28 1536 195 1605 veniendi
219 1555 332 1603 causa
355 1531 579 1614 contendat3
594 1553 650 1598 seo
678 1532 782 1602 enim
796 1561 858 1604 me
884 1538 1013 1605 conle-

28 1663 116 1724 ram,
157 1633 313 1725 dilapsis
341 1632 516 1704 nonnihil
542 1632 694 1699 rusticis
726 1637 868 1727 copiis3
898 1637 1010 1706 facile

29 1762 104 1806 vero
120 1737 161 1806 in
187 1733 407 1827 propinquis
438 1733 592 1800 latebris
618 1731 840 1805 delitescere
862 1751 1010 1828 potero,

30 1841 110 1908 dum
129 1863 191 1906 me
207 1837 390 1920 acerrime
411 1835 643 1923 conquirunt
659 1836 864 1927 copiasque
890 1842 1011 1908 conti·
1109 1837 1116 1851 '

29 1955 120 2008 nent.
176 1943 279 2009 Tum
294 1936 432 2008 milites
451 1935 615 2024 dynastae
638 1935 914 2027 discesserunt,
940 1939 1009 2008 alii

30 2042 65 2108 ad
85 2063 201 2109 naves
220 2039 269 2108 ad
292 2033 518 2121 Etlendum,
543 2035 618 2118 alii,
653 2035 791 2125 quibus
821 2041 1008 2110 villicatio

30 2141 118 2229 erat,
147 2161 211 2208 rus
237 2139 354 2206 ibant.
418 2136 614 2205 Remansit
635 2135 795 2227 dynasta
822 2154 859 2208 et
881 2163 1011 2234 servus

31 2246 111 2326 ejus,
127 2241 190 2310 cui
208 2249 350 2306 nome'n
368 2237 777 2327 ThormodusKarkus,
804 2243 868 2330 qui
881 2265 1012 2330 servus

28 2341 188 2428 Hakoni,
220 2335 260 2408 in
290 2339 423 2429 primae
455 2337 678 2408 dentitionis
714 2342 1010 2432 monimentum,

28 2447 94 2531 jam
111 2443 233 2513 inians
252 2439 360 2508 datus
372 2440 513 2530 suetam
532 2455 639 2508 erant
654 2443 758 2511 enim
774 2453 1011 2534 aetateparea

28 2548 70 2616 lli
90 2543 228 2615 deinde
245 2541 407 2610 latebras
426 2538 631 2630 quaesitum
648 2540 776 2624 ibant,
803 2537 935 2634 equite
946 2543 1014 2636 dy·

30 2664 132 2727 nasta,
157 2644 283 2712 Karko
304 2641 441 2732 pedite.
469 2639 543 2734 Qui
562 2664 654 2712 cum
669 2644 717 2712 ad
727 2663 892 2730 amnem,
912 2646 1014 2715 Gau·
1102 2680 1106 2692 ·

30 2749 94 2818 lam
109 2744 293 2852 (ijlam)
313 2743 479 2830 dictum,
505 2742 627 2856 glacie
649 2761 846 2836 aperturas
874 2745 1015 2834 passim

30 2847 179 2916 habente
197 2859 717 2934 concretum,perven1ssent
739 2844 894 2936 dynasta
914 2869 1013 2935 equo
1103 2871 1106 2876 ·
1165 2885 1170 2892 ·

31 2944 233 3030 descendit,
262 2967 404 3051 equum
420 2943 460 3009 in
478 2961 697 3034 aperturam
718 2945 909 3036 quandam
936 2949 1015 3041 gla-

31 3051 90 3116 ciet
79 3044 289 3130 detrudit,
313 3037 456 3116 ibidem
469 3047 678 3116 amiculum
695 3047 1013 3136 suumrelinquit,

29 3147 241 3218 neomnino
259 3143 399 3214 deferri
425 3163 570 3232 posset,
609 3149 652 3217 ad
685 3147 1016 3243 crepidinemgla-
1081 3237 1085 3244 Ι

33 3253 91 3318 ciei
110 3250 306 3318 affixum..
335 3245 486 3316 Deinde
505 3247 551 3314 ad
572 3262 737 3335 antrum,
765 3250 1016 3336 posteaJarls·
1085 3285 1102 3321 ,1
1205 3251 1209 3260 '

31 3347 332 3433 hellim(antrum
346 3346 528 3438 dynastae)
539 3346 700 3435 dictum,
714 3347 1017 3440 pertenderunt,
1087 3407 1096 3424 ,

34 3449 83 3518 hic
111 3449 349 3544 aliquamdiu
375 3447 649 3518 recubuerunt
664 3465 702 3518 et
736 3448 1012 3518 dormiverunt.

37 3547 639 3642 Cumexperrectisomnoessent,
655 3548 896 3636 servusinlit.
913 3571 1017 3620 nunc
1092 3567 1096 3572 ·

35 3651 227 3736 somniavi,
238 3645 425 3718 do'mine!
454 3650 649 3752 Dynastae,
667 3650 760 3742 quid
780 3653 1015 3738 somniasset,
1106 3715 1111 3727 ,

36 3749 291 3846 interroganti:
318 3751 388 3818 visi
410 3746 508 3824 1111111
524 3771 678 3836 sumus,
704 3750 846 3842 inquit,
874 3749 985 3818 heic
967 3774 1018 3835 m

37 3853 360 3942 antroconstitntia
376 3847 453 3920 vrdt
471 3846 670 3922 hommem
692 3871 830 3942 magna
856 3864 955 3918 stau
953 3874 1023 3942 ra,
1052 3931 1087 3947 Ι,

37 3950 129 4044 nigro
143 3967 330 4042 torvoque
347 3954 468 4038 vultu,
495 3951 542 4020 ad
557 3967 711 4020 antrum
727 3949 1017 4031 succedentem3

37 4051 307 4140 metuentibus,
321 4073 370 4120 ne
393 4066 508 4122 antro
529 4024 689 4147 subiret,
716 4053 815 4122 visus
841 4052 940 4123 mihi
961 4065 1073 4118 est

40 4154 114 4215 ant'e
148 4155 315 4222 ostium:
322 4157 422 4222 antri
460 4145 692 4242 consistere,
742 4167 860 4243 atque
884 4141 1065 4266 loqui:

40 4267 124 4318 nunc
135 4256 257 4324 Ullius
267 4269 439 4324 mortuus
458 4267 535 4341 est,
553 4255 689 4326 deinde
703 4255 794 4326 abiit
806 4266 843 4324 et
855 4238 1048 4332 admon
