2680 4678
609 375 882 418 κ
1000 379 1006 396 ’
1130 369 1247 441 2350,
1326 371 1327 390 ¹

609 421 883 454 'm-

38 561 45 586 ’
139 666 143 680 ,
254 591 399 666 referes
419 590 493 685 ἢ..
530 583 769 690 ¹Eindridiusz
805 587 878 660 etsi
899 584 942 660 in
961 586 1142 658 omuibus
1161 585 1252 658 arti·

255 699 329 766 bus
353 697 526 767 omnium
549 688 885 789 praestantissimus
912 711 1055 780 essem,
1083 711 1252 780 quarum

256 817 361 866 nune
384 795 512 864 nullas
531 799 598 860 aut
619 812 760 882 paucas
786 792 929 879 calleo,
960 803 1094 859 tamen
1117 804 1252 860 tecum
1327 805 1328 840 ³

87 883 91 898 ’
149 913 155 924 ’
256 897 398 966 frustra
411 897 680 964 concertarem.
733 895 835 963 Rex:
862 914 906 962 ea
918 885 1070 983 quoque
1080 890 1253 960 conditio

201 1016 204 1021 ·
256 997 382 1067 multo
406 994 551 1085 optima
572 993 671 1062 mihi
693 992 862 1080 videtur,
889 1014 958 1060 nos
973 1013 1053 1061 non
1067 990 1254 1082 experiri,

179 1127 182 1148 r
251 1103 374 1188 *teque
389 1095 535 1166 victum
551 1093 678 1166 fateri:
728 1091 966 1190 Eindridius:
990 1091 1253 1184 hocquidem

256 1199 300 1268 in
314 1211 472 1289 promtu
490 1196 628 1284 fuerit,
654 1196 686 1264 si
703 1193 767 1264 vei
781 1205 869 1263 ante
889 1206 1130 1283 spectavere,
1157 1191 1254 1285 quid
1328 1249 1329 1284 3

201 1289 204 1298 ¹
256 1299 425 1372 natando
450 1291 587 1367 valeas'.
648 1295 800 1366 Deinde
817 1293 860 1364 in
872 1294 981 1363 littus
1000 1291 1252 1389 descendunt,

260 1413 300 1472 et
315 1400 492 1470 universa
507 1396 736 1499 multitud03
762 1417 831 1466 rex
850 1393 1111 1467 &Eindridius
1126 1410 1254 1466 vestes

257 1509 429 1587 exuunt,
455 1498 501 1568 ab
523 1513 625 1593 terra
650 1499 847 1585 abnatant,
874 1492 1017 1588 diuque
1035 1495 1253 1585 colludunt,

202 1648 204 1654 .
258 1603 357 1670 alter
372 1603 538 1670 alterum
554 1597 720 1668 vicissim
735 1597 984 1688 demergunt,
999 1611 1038 1665 et
1050 1613 1252 1688 postremo
1329 1687 1330 1692 ἵ

257 1698 406 1772 tamdiu
423 1702 492 1772 sub
509 1699 616 1791 aquis
631 1722 671 1768 se
689 1700 905 1786 continent,
926 1711 971 1764 ut
983 1719 1104 1790 prope
1115 1698 1254 1790 despe-

161 1855 165 1862 -
187 1865 192 1884 ,
257 1815 436 1872 rarentur
452 1800 656 1888 emersum,
682 1799 828 1870 factum
842 1798 1012 1883 tandem,
1026 1815 1071 1867 ut
1079 1809 1150 1870 rex
1161 1801 1254 1872 Ola-

257 1924 327 1974 vus
345 1917 563 1996 emergeret
581 1917 619 1972 et
634 1901 679 1983 ed
697 1915 839 1972 terram
856 1899 1073 1986 adamaret,
1106 1901 1153 1972 in
1176 1915 1254 1972 ter·

185 2041 187 2046 ·
257 2027 343 2074 ram
365 2019 537 2098 egressus
561 2001 770 2094 requievit,
801 2015 927 2071 vestes
949 2014 1080 2070 autem
1093 2025 1179 2072 non
1195 2003 1254 2072 in·

140 2176 142 2184 ,
199 2127 201 2132 ’
258 2104 352 2193 duit.
413 2109 537 2201 Nemo
561 2104 722 2192 sciebat,
766 2101 859 2196 quid
880 2099 1076 2174 Eindridio
1100 2101 1254 2172 factum

258 2218 378 2294 esset,
407 2228 532 2296 neque
551 2227 598 2274 ex
616 2195 711 2297 rege
727 2203 861 2274 dehac
879 2227 922 2272 re
941 2225 1113 2294 quaerere
1134 2225 1253 2298 ausus

257 2321 315 2378 est
335 2305 547 2398 quisquam.
599 2302 733 2398 Longo
755 2319 886 2374 autem
910 2304 1036 2398 elapso
1060 2305 1251 2395 temporis

258 2406 400 2499 spatio,
450 2407 581 2490 vident
614 2405 857 2478 Eindridium
888 2404 964 2475 cito
991 2408 1105 2497 lapsu
1136 2405 1252 2490 ferri,

257 2607 350 2680 dens
365 2621 474 2700 tergo
490 2605 621 2700 magni
638 2607 748 2678 vituli
765 2608 910 2680 barbati
929 2609 978 2699 ²),
1002 2631 1123 2698 quem
1133 2607 1252 2676 barba

256 2707 441 2799 utrinque
449 2706 638 2798 prehensa
646 2709 822 2802 regebat3
838 2731 957 2810 prope
971 2722 1250 2779 autematerra

145 2843 148 2852 ·
258 2832 349 2879 cum
364 2809 531 2897 abesset,
558 2810 726 2885 vitulum
741 2809 895 2886 dimisit.
949 2815 1055 2888 Tum
1068 2832 1140 2881 rex
1155 2810 1251 2880 exsi-

256 2909 375 2999 liens,
403 2932 493 2979 eum
512 2911 677 2998 natando
700 2905 940 3007 aggreditur,
965 2926 1005 2981 et
1022 2911 1251 3002 depressum

258 3010 326 3080 diu
343 3011 412 3080 sub'
426 3009 532 3100 aquis
549 3011 739 3099 continet,
754 3026 981 3082 cumautem
995 3025 1248 3098 emerserant,

211 3111 215 3119 '
256 3133 328 3201 rex
343 3123 455 3180 terrae
472 3110 680 3200 adnataiit,
707 3112 925 3184 Eindridius
941 3135 1032 3183 vero
1049 3113 1149 3182 adeo
1160 3112 1250 3182 viri-

157 3229 159 3238 ·
255 3211 327 3280 bus
346 3227 425 3282 erat
440 3210 631 3300 desertus,
658 3224 703 3282 ut
716 3213 831 3282 saluti
857 3215 940 3306 ipse
957 3215 1167 3284 consulere
1184 3237 1249 3284 ne-

256 3312 404 3412 quiret,
444 3312 546 3402 quod
570 3313 701 3385 videns
725 3337 813 3403 rer,
853 3316 962 3407 aquis
984 3338 1025 3384 se
1050 3313 1250 3384 commisit

249 3412 424 3505 eumque
452 3413 623 3482 servavit.
702 3413 802 3482 Cum
820 3415 1042 3491 Eindridius
1069 3415 1175 3486 vires
1191 3439 1249 3484 re·

145 3521 147 3535 '
195 3567 198 3576 t
255 3529 464 3604 sumserat,
489 3526 579 3584 etse
596 3515 763 3608 vestibus
782 3515 1005 3607 induerant,
1038 3539 1110 3586 rex
1133 3517 1247 3586 dixit:

254 3615 426 3700 multum
450 3613 615 3684 natando
637 3617 756 3706 vales,
790 3617 982 3704 Eindridi!
1018 3616 1090 3688 deo
1118 3632 1249 3690 tamen

232 3758 235 3768 ·
253 3729 458 3807 acceptum
479 3713 723 3796 referendum
738 3733 817 3808 est,
844 3717 946 3809 quod
962 3717 1246 3790 nuncinferior

142 3903 152 3910 η
255 3813 478 3905 discessisti,
505 3827 550 3886 ut
566 3815 696 3915 videre
721 3832 819 3909 erat,
836 3843 935 3902 ⁴cum
956 3842 1163 3896 necessum
1184 3821 1248 3889 ho-

255 4042 318 4126 nri
332 4047 384 4100 hoc
394 4053 503 4117 praemii
521 4043 688 4122 propositum
701 4066 754 4121 ert,
771 4055 802 4106 B.
815 4057 847 4108 1³.
886 4055 919 4124 ¹)
929 4055 1071 4128 grauselr,
1095 4055 1193 4140 phocae
1201 4072 1246 4125 ge-

184 4198 197 4216 .,
293 4129 344 4196 3⁸⁴⁸
357 4141 446 4189 ”²⁵⁰50
461 4139 535 4208 ‘luid-
550 4141 701 4216 fipessureg·
717 4164 776 4216 pag·
792 4145 843 4200 177
856 4148 986 4222 granarii
998 4149 1088 4216 audit,
1104 4149 1153 4200 uhi
1164 4161 1245 4199 nmen

294 4241 351 4276 var.
368 4225 389 4276 l.
399 4230 510 4298 gransel
523 4265 530 4281 .
618 4292 631 4302 s

295 4486 301 4524 ι
381 4455 384 4469 .

145 2561 148 2568 ,
256 2509 291 2578 is
310 2507 533 2594 jumentum
550 2506 623 2575 sibi
646 2519 948 2599 comparaverat,
988 2507 1137 2600 quippe
1160 2506 1252 2578 insi-
1331 2521 1332 2580 ἰ
