2628 4678
223 293 237 324 ὀ

237 429 246 456 l

362 408 454 502 256
652 411 926 494 =-······'......
1012 485 1022 517 ,
1156 411 1280 496 1111.

295 595 480 732 quamdiu
499 653 618 732 essent
633 635 846 724 collocuti,
841 658 923 704 rex
942 636 992 706 de
1004 639 1113 710 rebus
1127 640 1230 710 novis
1246 665 1283 708 ex

296 741 436 812 austral
423 741 521 810 libus
541 759 646 830 regni
636 737 831 828 partibus
853 719 1043 827 quaesivit3
1069 742 1115 810 ad
1128 765 1212 831 quae
1222 765 1284 808 sm

257 843 386 938 gula
401 864 501 910 cum
524 838 835 933 respondissent,
855 839 937 934 regi
960 839 1090 909 omnia
1115 843 1159 911 de
1187 842 1285 910 itine-

290 945 397 1012 ribus
418 941 494 1010 suis
514 954 789 1032 exposuerunt,
818 939 931 1029 eique
951 955 1082 1030 caput,
1112 911 1298 1010 ininsula

167 1059 170 1066 ’
260 1109 262 1120 ,
292 1045 395 1131 Selia
411 1055 618 1132 repertum,
637 1037 911 1109 ostenderunt.
929 1039 1287 1134 Episcopusaulicus

192 1189 194 1192 -
291 1145 391 1240 regis
409 1138 534 1226 Olavi,
561 1164 677 1230 quem
703 1139 748 1207 ab
770 1140 906 1235 Anglia
931 1164 1061 1212 secum
1083 1144 1285 1228 advexerat,

294 1245 417 1313 dictus
433 1257 487 1311 est
504 1241 705 1332 Sigurdus,
733 1260 964 1332 cornomrne
976 1242 1127 1332 Potens,
1159 1246 1221 1313 vir
1242 1269 1285 1314 sa·

226 1428 232 1441 ι
292 1344 420 1457 piens²
455 1343 683 1431 benevolus,
717 1357 755 1412 11
781 1341 939 1434 insignis
961 1343 1129 1413 clericus.
1199 1347 1286 1414 Cum

290 1469 381 1516 vero
399 1467 465 1514 rex
490 1457 529 1512 et
543 1445 738 1536 episcopus
755 1458 870 1534 caput
893 1443 1080 1531 vidissent,
1103 1445 1179 1514 hoc
1212 1467 1299 1528 verer

290 1546 411 1615 sancti
427 1545 593 1614 hominis
612 1560 726 1658 caput
742 1567 823 1616 esse
835 1545 961 1612 testati
978 1561 1077 1622 sunt.
1110 1551 1219 1619 Tum
1234 1549 1299 1614 rexl

291 1647 361 1715 hos
380 1647 577 1734 homines,
605 1667 672 1737 qur
661 1630 753 1714 'id'
743 1659 987 1735 invenerant,
1011 1645 1148 1715 iterum
1169 1650 1218 1718 ad
1243 1663 1299 1715 re

290 1747 481 1842 hgronem
491 1768 617 1816 veram
634 1725 937 1836 amplectendam
947 1697 1094 1816 hbrtari
1105 1749 1288 1842 coepit,his

259 1881 261 1886 ·
290 1849 433 1918 verbis·
462 1849 554 1917 boni
576 1863 615 1916 et
633 1871 724 1919 vera
748 1847 935 1948 religione
954 1845 1095 1917 imbuti
1122 1849 1286 1918 homines

290 1973 427 2063 magna
444 1948 625 2040 perfundi
642 1947 780 2016 debent
796 1933 993 2062 voluptate
1013 1962 1051 2016 et
1067 1950 1220 2042 gaudio,
1235 1952 1286 2019 be

210 2051 213 2064 '
249 2065 253 2070 ’
291 2049 521 2145 nignitatem
538 2048 600 2116 dei
619 2047 891 2140 omnipotentis
911 2047 1040 2120 animo
1056 2053 1286 2142 perpenden-

288 2158 360 2237 tes,
374 2149 444 2218 etsi
457 2171 583 2240 neque
594 2150 727 2217 oculus
742 2147 903 2235 videre,
894 2169 1021 2240 neque
1035 2141 1136 2220 111111
1151 2155 1300 2238 audire,

194 2286 215 2342 3
290 2273 418 2340 neque
444 2249 595 2318 animus
623 2247 741 2316 ullius
771 2249 936 2318 hominis
950 2251 1136 2342 cogitare
1171 2267 1285 2342 queat,

292 2360 410 2442 quam
425 2349 575 2418 eximiis
596 2348 760 2441 premiis
776 2349 954 2419 dominus
980 2365 1110 2422 noster
1133 2354 1286 2422 cultores

290 2475 378 2544 suos
395 2474 464 2544 pro
485 2448 758 2564 temporalibus
774 2449 965 2519 laboribus
980 2470 1221 2537 remuneret,
1236 2477 1284 2522 ve-

290 2575 380 2622 rum
398 2575 441 2622 eo
462 2552 538 2620 fine
554 2551 779 2646 magnaejus
795 2549 998 2620 clementia
1016 2554 1122 2624 vobis
1135 2554 1210 2623 hoc
1228 2557 1285 2622 mi-

291 2650 470 2723 raculum
488 2652 686 2739 ostendit,
696 2665 741 2719 ut
762 2651 809 2720 ab
835 2651 1030 2722 idolorum
1055 2655 1225 2724 vanitate
1248 2654 1285 2722 ad

291 2776 423 2824 veram
450 2753 564 2822 fidem
590 2767 629 2824 11
652 2773 803 2820 sacrum
830 2753 1065 2844 baptismum
1090 2772 1224 2848 sponte
1246 2777 1281 2823 eo

267 2863 269 2868 ’
278 2839 455 2922 'celerius
475 2850 811 2939 converteremini,
838 2876 914 2944 quo
934 2853 1150 2928 evidentius
1174 2856 1285 2925 omni·

291 2956 374 3025 bus
379 2953 671 3047 cogitantibus
649 2954 715 3038 sit,
740 2955 934 3026 excelsum
949 2953 1142 3028 coelorum
1167 2979 1284 3051 regem

250 3065 258 3076 “
291 3077 498 3171 permagna
513 3053 658 3147 gloria
648 3053 790 3124 animas
805 3076 963 3125 suorum
979 3055 1283 3132 amicissimorum

291 3159 334 3225 in
362 3154 522 3224 coelestis
538 3175 646 3247 regnr
636 3154 802 3247 gaudio
820 3154 1041 3244 beaturum,
1069 3161 1139 3248 qui
1161 3179 1283 3226 eorum

292 3255 488 3326 exanimos
504 3255 662 3324 siccatos
684 3268 786 3325 artus
806 3270 887 3324 tarn
911 3257 1115 3351 egregium
1139 3259 1283 3328 odorem

292 3351 483 3448 exspirare
501 3353 642 3444 111111,1
658 3357 811 3446 qualem
829 3367 961 3427 omnes
977 3357 1189 3452 fragrantes
1210 3361 1281 3428 1111-

227 3475 230 3485 “
292 3455 351 3525 bae
374 3457 564 3550 exspirare
588 3457 666 3525 don
687 3457 841 3548 possinn'
908 3461 968 3546 ,Hi
999 3459 1091 3530 boni
1120 3459 1281 3530 homines

289 3559 466 3628 dratione
483 3562 583 3655 regis
603 3558 696 3645 adeo
712 3559 878 3650 permoti
905 3577 1010 3648 aunt,
1038 3577 1083 3630 ut
1095 3563 1223 3632 statim
1239 3559 1281 3628 al-

233 3709 239 3718 .
292 3660 509 3756 firmarent,
531 3683 570 3728 se
588 3659 629 3728 in
645 3682 780 3728 verum
808 3660 928 3730 deum‘
950 3661 1179 3747 credituros3
1208 3675 1280 3730 tum

292 3781 463 3828 unacum
479 3761 685 3829 comitibus
706 3760 885 3852 baptizati
897 3776 995 3830 sunt.
1056 3763 1207 3834 Deinde
1226 3779 1280 3829 rex

294 3859 471 3928 invitatos
485 3861 594 3948 adse,
615 3861 919 3952 splendidissimo
941 3862 1115 3933 convivio
1135 3861 1279 3954 excepit,

294 3959 442 4027 durnin
455 3960 547 4029 albis
565 3976 696 4049 essent,
717 3979 756 4031 11
771 3963 883 4034 sacris
900 3965 1105 4058 disciplinis
1123 3965 1279 4036 imbuen-

295 4060 360 4128 dos
371 4061 524 4128 curavit.
541 4062 690 4132 Deinde
701 4061 837 4152 amplis
847 4069 1071 4136 muneribus
1082 4083 1120 4136 et
1129 4063 1277 4146 amicitia

240 4227 245 4236 ,
259 4177 261 4181 ’
292 4162 396 4254 regis
420 4159 763 4247 donati,-austrum·
776 4187 903 4234 versus
917 4167 1077 4247 domum
1090 4169 1138 4236 ad
1154 4163 1277 4259 praedia

107 4279 111 4292 '
150 4331 157 4344 .
295 4283 363 4330 Sua
380 4263 517 4340 reversi
535 4277 659 4340 sunt„
689 4259 919 4364 Rex'autonr
935 4271 1178 4374 etepiscopus
1189 4263 1275 4336 sa'nc·

1119 4565 1133 4596 N
