2718 4680
375 385 404 468 2
531 383 553 424 Ψ
631 357 1002 464 --·.·...'....-=..-
1225 401 1332 467 (ιι.

310 613 432 683 titiam
452 581 753 679 bannierant
771 585 937 699 aeroas,
958 632 1128 698 sororem
1145 611 1331 705 styriae,

311 713 447 788 Daniae
474 709 676 781 levaminis
700 713 740 796 (s.
769 711 1048 804 reparatricis),
1068 717 1196 803 'quam
1218 716 1333 784 Gor-

312 837 398 884 mus
405 811 672 897 'Grandaevus‚
722 835 789 880 rex
807 816 1025 902 Danorum,
1060 812 1102 883 in
1117 814 1331 887 matrimo-

195 935 236 982 ,··
295 916 377 985 'nio
405 915 552 983 habuit.
619 913 793 1010 Thyrnia
813 912 891 982 fuit
920 927 1048 984 mater
1073 916 1330 1008 Ragnhildae,

313 1015 446 1088 matris
462 1011 620 1085 Haraldi
639 1000 887 1084 Pulcricomi.
956 1015 1169 1129 Haraldus,
1201 1033 1331 1108 patre

281 1145 283 1156 ·
313 1132 484 1208 mortuo,
512 1116 658 1210 regiam
683 1115 909 1225 dignitatem
927 1116 1098 1208 accepit,
1123 1123 1331 1189 annorum

315 1217 514 1305 decem,
504 1242 535 1288 1s
555 1218 730 1290 omnium
747 1207 953 1286 hominum
970 1216 1046 1284 fuit
1064 1231 1206 1286 statura
1227 1221 1330 1290 viri-

315 1321 463 1437 bpsque
479 1317 675 1434 maximis,
715 1317 839 1387 forma
859 1316 1171 1408 pulcherrima,
1179 1319 1240 1388 vir
1263 1345 1330 1391 sa-

211 1477 215 1480 .
315 1445 437 1514 prens,
454 1435 491 1489 et
505 1439 652 1514 mgenn
668 1441 877 1527 perquam
874 1417 1033 1488 heroici.
1060 1419 1328 1513 Guthormus,

315 1523 420 1594 filius
438 1520 592 1615 sigurdi
612 1501 742 1610 Cervi,
767 1519 978 1590 avunculus
997 1521 1101 1612 ejus,
1129 1520 1204 1589 fuit
1221 1544 1329 1613 prae-

315 1619 460 1692 iectus
455 1621 694 1722 aulicorum,
730 1620 928 1712 totiusque
951 1613 1059 1717 regni
1077 1623 1330 1700 administra
1330 1628 1339 1648 '

316 1725 414 1794 tioni
431 1712 607 1815 praefuit3
636 1723 741 1792 idem
759 1721 835 1790 dux
862 1737 956 1794 erat
962 1722 1164 1792 exercitus.
1236 1727 1329 1797 Rex

239 1861 244 1873 ·
315 1825 504 1896 Haraldus
521 1824 724 1916 Upplanda
739 1823 879 1914 [primo
898 1821 1070 1916 subegit,
1105 1847 1329 1916 omnesque

316 1927 511 2022 principes
526 1923 703 2014 sustulit,
733 1924 866 2038 quiea
890 1937 999 2014 parte
1020 1945 1189 2018 regnum
1200 1926 1328 1998 infes-

287 2029 483 2124 ¹tabant1.
572 2025 724 2098 Deinde
754 2024 882 2115 misit,
931 2025 998 2115 qui
1026 2025 1216 2118 virginem
1255 2031 1329 2098 ad-

188 2193 219 2238 .·
319 2129 524 2217 ducerent,
562 2128 720 2210 nomine
742 2125 911 2220 Gydam,
943 2125 1063 2196 filiam
1081 2128 1331 2221 pegisEiriki

319 2229 365 2299 de
383 2229 545 2318 Hbrdia,
579 2249 715 2320 quam,
751 2239 886 2318 utpote
911 2226 1036 2297 forma
1058 2227 1328 2320 spectabilem,

283 2389 287 2402 .
320 2329 491 2422 quamvis
510 2329 628 2398 animi
643 2327 916 2416 insolentioris,
944 2329 1199 2398 concubinam
1215 2331 1328 2402 dele-

279 2436 286 2453 '
318 2432 391 2528 git;
404 2455 447 2505 ea
462 2429 503 2499 in
512 2429 691 2514 Valdpeso
709 2429 1006 2527 apudrusticum
1013 2444 1213 2528 potentem
1229 2433 1329 2504 edu-

236 2548 240 2556 ’
319 2533 486 2602 sabatur.
556 2533 762 2626 Quocum
786 2530 892 2620 missi
919 2533 1131 2622 venissent,
1178 2534 1331 2628 virgini

318 2632 495 2704 mandata
514 2638 735 2723 exponunt'
791 2633 937 2726 Quibus
965 2657 1010 2704 ea
1031 2633 1093 2701 his
1111 2634 1237 2704 verbis
1262 2660 1329 2706 re-

319 2728 490 2826 spondit,
530 2732 634 2803 nolle
657 2754 697 2802 se
725 2731 955 2827 virginitatis
972 2733 1100 2804 facere
1118 2734 1328 2827 jacturam,

189 2889 192 2902 ,
284 2897 288 2908 ,
319 2850 364 2906 ut
395 2833 478 2926 regi
518 2835 663 2922 nubat,
706 2833 774 2927 qui
799 2834 954 2904 nonnisi
980 2834 1134 2927 paucis2
1165 2839 1327 2928 provin-

321 2937 388 3004 ciis
407 2933 555 3026 praesit:
583 2951 699 3028 atque
718 2935 863 3004 mirum
877 2936 974 3020 mihi
991 2935 1154 3025 videtur,
1179 2938 1328 3031 inquit,
1352 2969 1353 2974 ¹

318 3037 474 3108 nullum
489 3058 570 3119 esse
588 3057 733 3130 regem,
759 3035 826 3128 qui
844 3041 877 3108 N
881 3036 1080 3130 orvegiam
1103 3039 1158 3106 sic
1173 3052 1328 3130 tenere,

261 3171 264 3178 ·
321 3137 586 3230 singularique
610 3137 777 3229 imperio
796 3160 935 3233 regere.
946 3137 1054 3227 velit,
1079 3153 1124 3207 ut
1140 3142 1330 3211 rex‘Gor-

254 3266 257 3282 ι
319 3259 407 3307 mus
437 3239 607 3312 Daniam
644 3253 712 3309 aut
744 3238 897 3310 Eirikus
928 3239 1200 3330 Uppsaliam³.'
1260 3245 1330 3313 Vi-

283 3331 286 3341 '
322 3361 402 3412 sam
425 3340 468 3410 in
490 3339 760 3432 respondendo
786 3339 1092 3432 superbiorem
1082 3357 1332 3436 interrogant

237 3471 240 3480 ·
320 3440 447 3526 missi,
479 3464 556 3533 quo
584 3445 758 3534 spectent
777 3439 859 3510 haec
887 3464 1090 3533 responsa,
1128 3457 1329 3543 testantes,

321 3542 577 3612 Haraldum
551 3563 684 3636 regem
699 3557 779 3616 tam
798 3556 999 3633 potentem
1022 3565 1128 3632 esse,
1165 3558 1209 3614 ut
1222 3543 1328 3616 haric

325 3643 591 3714 conditionem
611 3668 650 3714 se
660 3642 814 3739 dignam
831 3645 1021 3712 aestimare
1038 3643 1184 3714 debeat.
1222 3647 1331 3740 Quo-

320 3768 408 3814 rum
428 3735 626 3814 mandatis
640 3745 711 3813 etsi
726 3745 807 3822 alia
836 3743 941 3814 dedit
964 3768 1163 3837 responsa,
1209 3761 1300 3839 atq¹
1308 3771 1330 3818 e

98 3927 108 3942 ⁴
192 3899 221 3941 4
260 3849 264 3856 '
320 3847 477 3936 vellent,
497 3859 628 3916 tamen
643 3843 921 3938 mtelhgebant
937 3849 1062 3919 nullas
1080 3849 1182 3918 s1b1
1171 3872 1213 3918 ιιι
1229 3870 1329 3940 prae-

323 3947 446 4017 sentia
463 3946 592 4016 adesse
611 3967 715 4039 opes,
726 3958 771 4014 ut
783 3947 945 4020 mutam
953 3948 1210 4033 abducerent;
1234 3973 1330 4040 qua·

321 4071 365 4118 re
381 4047 549 4118 reditum
566 4048 760 4139 parabant.
816 4049 874 4120 Ad
894 4049 1114 4120 abeundum
1135 4051 1258 4142 parati
1281 4071 1330 4118 ex

363 4179 391 4246 ¹)
407 4177 487 4230 verbs
496 4181 571 4230 trucis
582 4180 693 4245 inclusa,
713 4181 811 4230 camin
825 4178 851 4230 A
860 4179 913 4248 legi
927 4199 982 4232 non
995 4193 1111 4251 possent,
1127 4198 1161 4232 ex
1172 4179 1197 4238 ‚C
1209 4180 1328 4232 desumta

322 4281 390 4322 sunt.
431 4266 458 4336 2)
471 4271 517 4320 uni
529 4273 694 4340 provinciae,
714 4272 744 4322 F.
785 4266 811 4336 3)
825 4269 915 4322 confer
923 4271 1120 4340 Ynglingasagae
1138 4291 1196 4344 cap·
1206 4267 1252 4337 40,
1268 4275 1327 4324 luit.
