2680 4678
52 329 175 478 m
431 414 710 472 -.....-...·····....-···
898 397 1007 556 279
1056 353 1067 399 ιχ
1141 396 1145 404 ’

20 629 23 640 “
61 633 318 691 cumventum
337 631 404 688 aut
424 616 596 688 exercitu
615 630 748 730 exuat,
773 632 842 690 aut
854 621 1060 714 inopinan-

59 737 146 792 tem
160 728 293 790 vestrae
311 706 496 810 pote'ttati
513 717 658 803 tradat,
686 715 762 811 quo
778 721 879 792 facto
903 747 964 794 res
983 727 1060 796 erit
1116 754 1119 764 s

59 845 172 917 parvr
159 820 416 911 moliminis,
441 820 476 888 si
494 819 816 914 exiguashabebit
827 826 959 938 oopias
970 847 1060 897 con·

49 941 122 994 tra
136 937 308 994 vestrum
322 921 554 1010 exercitum,
582 943 673 992 eum
685 926 762 994 vita
778 923 940 1016 privare.
974 931 1058 1001 Rex

60 1026 208 1097 Sveinn
235 1038 275 1096 et
296 1023 448 1120 regina,
481 1045 571 1092 cum
591 1021 638 1091 de
656 1023 716 1094 his
736 1028 852 1096 rebus
874 1028 1059 1112 delibera·

56 1127 344 1217 verant,.hanc
367 1128 560 1198 rationem
576 1123 739 1228 firmiter
760 1127 1057 1220 destinaverunt.
1106 1141 1108 1153 '

57 1300 149 1371 Rex
175 1297 324 1370 Olavus
349 1297 424 1369 iter
450 1298 491 1368 in
516 1298 752 1392 Norvegiam
777 1323 824 1370 ex
851 1301 894 1374 V
891 1266 1083 1372 indual.
1145 1397 1151 1415 ι

313 1457 340 1492 ³.
439 1399 508 1468 dia
531 1411 671 1494 parat
756 1470 761 1484 ,
1108 1482 1113 1503 ι

162 1518 255 1648 Cap
266 1537 343 1610 245.
397 1531 536 1604 Haud
525 1544 579 1602 rta
587 1547 678 1623 post
690 1536 815 1606 multo
834 1559 904 1609 rex
918 1535 1058 1608 Sveinn

55 1631 218 1707 nuntios
242 1634 433 1706 orientem
456 1656 586 1704 Versus
604 1657 646 1706 111
666 1635 864 1712 svethiam
881 1638 985 1710 mlslt
1010 1637 1059 1708 ad
1125 1647 1127 1652 ,
1172 1656 1180 1671 ¹

56 1758 196 1831 regem
214 1737 395 1824 Olarum,
404 1735 644 1851 privignum
661 1757 795 1828 suum,
823 1751 862 1808 et
880 1740 1058 1812 Eirikum
1082 1779 1084 1788 ,

46 1853 270 1928 satrapam,
303 1836 545 1926 nuntiatum,
592 1837 756 1916 Olavum
779 1840 981 1934 Norvegiae
996 1849 1064 1908 rebv

57 1961 154 2034 gem
170 1937 479 2048 expeditionem
467 1959 701 2030 imperasse,
728 1963 896 2033 eumque
920 1941 993 2010 hac
1009 1963 1057 2007 ae-
1102 2017 1105 2032 ¹

55 2054 157 2112 state
184 2054 359 2114 austrum
389 2061 521 2114 versus
541 2039 583 2110 in
609 2039 881 2114 Vindlandiam
903 2041 1057 2134 nauiga-

56 2156 216 2227 turum
251 2141 388 2212 additis
408 2135 617 2230 mandatis,
643 2155 689 2210 ut
710 2143 852 2242 Olavus
872 2141 1057 2214 Suionum

57 2265 131 2313 rex
153 2257 192 2312 et
203 2243 362 2336 Satrapo
372 2244 548 2336 proxima
565 2255 695 2322 aestate
710 2245 837 2336 copias
857 2257 1054 2338 cogerent,
1109 2253 1111 2258 ’
1222 2323 1225 2332 ,

56 2359 101 2415 et
136 2343 313 2416 Sveinem
345 2365 481 2440 regem
504 2344 774 2435 convenirent,
812 2357 900 2416 tum
922 2367 1057 2414 omnes

53 2469 138 2516 una
149 2446 334 2536 'praelium
343 2445 520 2516 adversus
537 2444 701 2535 Olayum
714 2467 849 2541 regem
858 2441 1061 2538 Norvegiaa
1157 2481 1170 2528 η

55 2547 358 2638 committerent.
417 2547 521 2620 Huic
540 2545 775 2637 expeditioni
790 2571 863 2623 rex,
872 2545 1056 2617 Suionum
1109 2587 1112 2594 ·

54 2663 99 2719 et
113 2646 266 2721 Eirikus
284 2655 435 2741 satrapa
451 2649 582 2720 animo
596 2667 686 2718 mox
699 2649 824 2739 parati
839 2663 879 2720 et
897 2647 1054 2740 promti,

54 2768 107 2820 ex
127 2760 209 2819 toto
233 2750 417 2822 Suionum
438 2749 605 2842 imperio
632 2752 819 2843 magnum
841 2749 1055 2820 exercitum

42 2854 294 2942 -classemque
311 2852 568 2941 contrahunt,
601 2872 718 2942 quam
734 2866 909 2930 austrum
922 2846 1054 2920 versus

51 2953 100 3022 in
117 2952 283 3023 Daniam
303 2952 472 3042 ducunt,
499 2952 554 3022 ibi
580 2953 838 3042 appellentes,
864 2975 939 3042 quo
953 2966 1052 3021 tem-

53 3075 156 3146 pore
179 3053 320 3124 Olavus
338 3053 527 3149 Tryggvii
549 3053 651 3123 lilius
664 3054 744 3140 jam
757 3053 949 3122 orientem
969 3072 1053 3128 ver-

52 3177 123 3224 sus
147 3155 401 3248 navigaverat
467 3155 595 3244 Hujus
614 3152 674 3222 rei
701 3153 883 3226 meminit
905 3151 1054 3226 Haldor

51 3255 126 3327 ille
143 3256 469 3329 non-christianus
484 3257 525 3326 in
533 3253 722 3338 carmine,
742 3253 845 3345 quod
861 3255 907 3324 de
922 3253 1051 3326 Eiriko

50 3369 207 3472 satrapa
221 3355 324 3448 fecit,
347 3381 436 3428 eum
446 3355 724 3447 nempecopias
741 3356 950 3427 exSvsthia
969 3377 1052 3423 coe-

51 3460 177 3552 gisse,
219 3463 482 3555 magnumque
514 3456 688 3528 militum
712 3469 920 3528 numerum
950 3478 1053 3528 com·

44 3568 225 3654 parasse:
865 3563 909 3594 ¹

157 3661 352 3752 Depulsor
366 3657 656 3780 regulorum,
644 3682 686 3728 1n
704 3636 909 3732 ensium

101 3775 106 3778 ’
155 3764 329 3854 procella
346 3764 563 3852 animosus,
592 3760 762 3830 evocavit

110 3865 111 3876 ’
157 3863 299 3934 multas
316 3888 336 3933 e
353 3863 507 3942 Sve'thia
526 3861 671 3952 copias,
698 3861 745 3930 ad
764 3879 938 3955 pugnam

40 3961 44 4056 J
82 3971 84 3978 ’
155 3967 334 4068 princeps
349 3963 546 4038 contendit
564 3977 738 4034 austrum
755 3985 896 4032 versus.

91 4070 92 4076 ’
155 4059 338 4138 Virorum
352 4068 532 4159 quisque,
557 4064 771 4148 carnivoras
787 4063 897 4134 alites
966 4107 969 4118 ι
1027 4143 1029 4150 y

40 4225 44 4234 .
153 4184 288 4242 curare
307 4187 466 4264 gnarus,
494 4167 615 4262 cupiit
634 4166 811 4238 Eirikum
831 4163 961 4255 sequi5
