2640 4682
318 392 417 491 ’94
642 345 917 452 .'..'......
1171 419 1258 488 ιιιι.

290 629 381 720 vit,
403 641 462 717 et,
494 640 541 696 ut
557 605 740 716 advenit,
754 639 920 721 utraque
938 643 1058 697 manu
1075 620 1262 694 hastamir

216 789 219 798 ,
243 802 247 808 ,
292 753 383 801 eum
402 727 552 822 dirigit,
581 728 685 819 qui„
704 742 749 798 ut
764 741 965 820 expectare
980 739 1162 817 parerat,
1186 723 1263 792 ceci·

196 832 198 841 '
292 829 367 918 dit,
388 843 479 900 turn
494 828 609 900 Ullus
634 827 903 899 animadvertit
929 851 1067 898 ursum
1086 841 1175 906 ante
1190 823 1263 890 fuis

168 945 174 980 ³
291 955 333 1002 se
367 944 586 1020 mortuum,
640 944 679 999 et
702 929 824 1002 fatur.
877 953 992 1002 mene
1025 923 1265 996 catillaminil

291 1032 375 1126 quis
393 1053 482 1102 vero
508 1045 679 1100 vestrum
700 1030 823 1124 feram
840 1027 1063 1112 interemit?
1097 1028 1263 1100 Thoter:

173 1193 185 1219 ,
289 1133 407 1221 hujus
421 1132 599 1202 facinoris
617 1133 724 1206 nulla
737 1154 825 1226 pars
836 1132 913 1222 rui,
939 1128 1175 1224 Sigmundus
1190 1148 1265 1196 vero

256 1317 261 1324 ‚
289 1235 426 1304 ursuln
449 1231 642 1302 interfecit
662 1233 789 1304 securi
807 1247 875 1302 tua
889 1183 1069 1349 lignaria.
1118 1228 1265 1299 Patern-

289 1334 414 1404 milias
438 1334 628 1424 loquitur:
671 1333 746 1403 hoc
777 1327 926 1427 ιιιιιςιιέω
954 1331 1112 1402 virtutis
1136 1328 1276 1399 facinus·

291 1451 367 1520 est,
412 1435 514 1526 quod
539 1435 667 1504 multa'
688 1456 711 1503 a
734 1445 794 1524 te‘,
831 1431 1061 1528 Sigmunde!
1100 1433 1264 1522 preclare

290 1550 397 1631 gesta
416 1549 708 1626 consequentur.
760 1541 816 1608 Ex
832 1534 1264 1624 hocdeinoepstempore

213 1657 222 1690 '-
288 1637 400 1708 Ulfus
435 1635 694 1729 Sigmundum
727 1635 943 1716 inhonore
972 1636 1099 1705 multo
1138 1634 1264 1719 majore

290 1761 406 1832 quam
428 1751 541 1806 antea
566 1737 733 1808 habuit.
765 1736 825 1808 Ibi
850 1737 1008 1808 omnino
1025 1743 1111 1818 {sex
1133 1733 1264 1804 hiemes
1310 1785 1311 1788 ,

190 1843 231 1892 x*
289 1857 379 1908 cum
400 1838 468 1907 illo
490 1837 667 1927 fuerunt,
701 1849 787 1907 tum
812 1836 1047 1954 sigmundus
1071 1848 1153 1906 erat
1166 1856 1265 1904 anno
1309 1835 1311 1858 ²

234 1961 242 1972 ·
287 1961 378 2008 rum
393 1938 624 2052 octodecim,
653 1939 806 2040 Thorer
835 1939 994 2033 viginti3
1010 1951 1178 2006 attamen
1198 1929 1311 2026 sig

180 2091 184 2098 ·
287 2037 475 2108 mundus}
476 2039 676 2129 lominum,
703 2063 769 2130 qut
779 2037 884 2115 tum
874 2064 916 2110 ιιι
934 2039 1127 2132 Norvegia
1143 2041 1264 2108 florue·
1308 2085 1311 2126 ,

287 2153 396 2226 runt,
425 2153 587 2227 statura,
622 2141 799 2210 omnibus
816 2141 987 2231 corporis
1003 2137 1196 2231 animique
1211 2137 1264 2204 do·
1308 2219 1309 2230 ἵ

167 2255 172 2266 ·
286 2239 412 2327 tibus,
439 2254 478 2310 et
496 2241 792 2334 artium'peritia
807 2241 1082 2312 celeberrimus
1102 2252 1261 2308 evaserat.

391 2340 479 2432 Cap.
498 2351 569 2415 183.
624 2346 730 2415 Tum
740 2343 981 2435 'Sigmundus
1004 2340 1095 2412 Ulfo
1115 2341 1261 2410 nutricio
1308 2347 1310 2410 f

287 2462 357 2510 suo
376 2442 539 2531 indicat,
570 2443 672 2536 pelle
691 2465 731 2512 se
745 2443 834 2513 inde
853 2442 1065 2538 discedere3
1100 2442 1201 2534 quod
1213 2442 1263 2510 Ul·

284 2541 348 2613 ius
376 2541 417 2611 in
445 2543 621 2633 ipsorum
650 2543 937 2634 potestateiore
949 2544 1062 2633 dixit,
1089 2539 1261 2637 (addeum)
1308 2597 1309 2600 ι

286 2641 478 2733 siquidem
499 2643 654 2737 expedit
672 2658 741 2714 vos·
762 2643 803 2714 in
834 2647 961 2714 casula
986 2667 1073 2714 mea
1103 2641 1262 2714 nonnihil

285 2743 541 2830 maturuisse3
570 2757 657 2814 tum
672 2759 796 2814 vestes
812 2744 859 2815 iis
879 2745 1150 2833 conficiendas,
1176 2742 1261 2813 satis·
1285 2789 1287 2796 -

287 2864 361 2937 que
397 2844 529 2914 viatici
555 2846 818 2937 apparandum
850 2841 1004 2918 curavit.
1072 2847 1262 2918 Ullus'eos

285 2945 590 3059 septentrionem
625 2969 758 3016 versus
779 2968 850 3038 per
872 2960 1047 3028 montem
1070 2943 1261 3034 Dofricum

285 3045 489 3117 comitatus
521 3060 579 3116 est
606 3069 816 3140 eousque,
860 3047 1014 3120 dorlec'
1003 3071 1046 3120 ιιι
1071 3059 1307 3152 conspectu

168 3223 174 3234 ,
286 3131 496 3221 Orkadalua
524 3153 634 3218 esse't.
690 3153 774 3220 Jam
806 3147 924 3219 domo
950 3172 1015 3219 vos
1040 3149 1182 3220 deduxi
1203 3148 1260 3241 (in

188 3268 197 3328 ῑ
284 3247 405 3339 quit),
420 3262 483 3316 ut
499 3245 599 3320 lilios
615 3271 740 3338 meos,
762 3251 878 3342 'atque
894 3249 985 3320 hinc
1001 3265 1189 3336 revertar,
1208 3271 1259 3318 an·

9 3355 12 3368 '
126 3425 130 3448 Ι
207 3351 213 3360 '
261 3361 323 3416 te
346 3347 578 3441 veroquam
604 3349 884 3444 digrediamur,
911 3349 1259 3442 residamus,-nunc

284 3448 388 3519 enirn
412 3449 466 3520 sic
487 3475 528 3522 se
545 3473 606 3522 res
618 3451 753 3542 habet,
779 3465 825 3521 ut
840 3451 947 3521 haud
963 3453 1049 3522 leve
1064 3453 1165 3523 mihi
1181 3448 1259 3520 desi·

283 3543 435 3620 derium
453 3549 612 3622 facessat
631 3553 965 3642 discessusvester‚
991 3569 1257 3624 verumtamen

281 3647 435 3719 lerninis
453 3654 616 3745 gravius.
670 3654 774 3724 Scire
789 3677 893 3724 nunc
911 3652 1058 3758 cupio,
1070 3679 1168 3748 quos
1185 3653 1257 3723 edu
1304 3709 1305 3718 ι

189 3797 193 3805 -
283 3749 423 3819 candos
440 3754 692 3846 susceperim,
716 3754 771 3824 ita
788 3767 834 3822 ut
848 3755 947 3833 milri
962 3775 1088 3850 genus
1106 3771 1256 3828 vestrum

283 3865 323 3920 et
339 3853 507 3941 natales,
534 3856 762 3970 quibusque
779 3853 908 3945 fatis,
927 3871 1138 3948 antequam
1152 3853 1255 3928 adme

281 3951 459 4040 venistis,
484 3952 545 4022 usi
562 3955 661 4042 sitis,
685 3953 877 4026 indicetis.
930 3955 996 4025 Illi
1018 3975 1143 4050 genus
1159 3973 1255 4026 suurn

280 4053 503 4164 natalesque
528 4070 704 4125 accurate
726 4055 917 4145 indicant,
954 4071 995 4126 et
1012 4059 1201 4150 quomodo
1219 4071 1253 4120 ex

281 4151 518 4240 possessione
544 4171 582 4224 et
606 4155 730 4246 patria
754 4157 907 4264 expulsi
919 4157 1016 4244 sint5
1049 4159 1155 4230 nirnc
1169 4175 1251 4238 vero,

281 4251 457 4322 alumne!
490 4257 668 4328 volumus
690 4255 770 4351 (ait
780 4248 1058 4355 sirmundus),
1090 4275 1137 4332 ut
1162 4254 1251 4331 nobit
