2640 4682
351 351 413 440 88
500 444 509 456 ,
592 363 926 438 ᾎ--............,..·-
1131 372 1266 454 ‚mo

286 563 513 654 hominum,
554 559 623 654 qui
647 559 712 633 hic
733 557 891 652 adsunt,
933 562 1126 654 occisores
1158 579 1266 636 snut

286 669 376 742 Non
393 687 438 732 eo
457 664 585 738 minus
602 659 767 734 interfici
783 674 893 750 ueto,
921 665 977 732 ait
992 663 1180 751 Bjarnius.
1206 661 1267 732 Hic

243 833 251 851 ‚
287 763 513 836 Thrandus:
554 764 628 842 hoc
650 784 804 852 quoque
829 763 991 836 minime
1006 765 1107 834 serio
1126 764 1267 831 locutus

287 859 407 958 sum,’
421 864 487 934 sed
501 877 546 936 ut
560 874 842 949 tentaremus,
870 886 985 958 quam
1005 863 1047 932 in
1064 865 1156 932 ilios
1169 863 1269 930 bene-

286 963 366 1037 voli
391 962 493 1050 sitis3
526 975 611 1032 toto
638 959 767 1052 potius
788 961 915 1034 animo
939 962 1052 1054 cupio
1073 963 1135 1032 his
1153 964 1268 1054 pueris

286 1063 523 1152 satisfacere,
551 1061 654 1154 quod
665 1061 756 1132 huic
772 1062 1006 1152 profectioni
1018 1062 1268 1144 interfuerim,

288 1187 352 1238 eos
365 1164 536 1234 nutriam
555 1176 594 1236 et
611 1162 798 1252 educabo,
822 1163 945 1238 donec
959 1163 1218 1250 adoleverint,
1240 1187 1269 1233 e
1308 1177 1309 1182 ’

286 1263 409 1336 tenim
426 1264 579 1358 cognati
594 1262 674 1335 mei
688 1277 788 1336 sunt.
842 1263 959 1336 Pueri
972 1264 1015 1353 in
1030 1261 1144 1336 sairea
1159 1263 1268 1354 plani-

171 1417 176 1440 ι
286 1364 340 1436 tie
358 1365 617 1453 considentes,
643 1365 726 1435 haec
739 1377 874 1436 eventa
891 1346 1153 1438 intuebantur
1183 1365 1267 1435 Cum

285 1486 376 1536 vero
403 1464 547 1536 fratres
567 1463 835 1571 cecidissent,
860 1461 1011 1540 Thorer
1036 1468 1133 1538 flere
1153 1465 1265 1556 coepit

224 1649 230 1664 ¹
286 1565 520 1659 Sigmundus
535 1565 636 1638 lnftt
663 1589 713 1638 ne
728 1551 945 1656 ploremus,
971 1566 1155 1662 cognate!
1181 1567 1267 1635 hanc
1308 1639 1309 1646 χ

284 1667 414 1762 potius
437 1666 541 1738 diem
567 1666 754 1739 memoria
778 1679 989 1740 teneamus
1066 1667 1139 1742 His
1164 1665 1266 1764 gestis
1308 1743 1309 1752 χ

259 1769 263 1781 ’
286 1767 495 1839 discessum
510 1781 577 1839 est.
606 1765 810 1843 Thrandus
825 1789 964 1857 pueros
978 1789 1109 1838 secum
1120 1767 1266 1837 domum
1308 1773 1309 1814 ἓ

83 1871 85 1879 ⁴
151 1894 174 1921 ³
284 1869 423 1942 Gatam
440 1868 615 1953 deduxit,
633 1881 755 1939 totam
766 1877 857 1936 ver'o
870 1867 1056 1941 ditionem
1069 1861 1116 1938 'ac
1131 1889 1265 1960 posses·
1308 1867 1309 1954 j

284 1968 432 2056 siones,
453 1964 546 2060 'quae
564 1967 729 2042 Bresteri
746 1980 785 2034 et
799 1964 950 2038 Beineri
965 1967 1136 2057 fuerant
1168 1991 1264 2038 occu·
1308 2009 1309 2052 3

183 2105 186 2116 ·
283 2069 405 2164 petit,
433 2061 610 2140 similitor
627 2082 666 2139 et
680 2091 765 2140 eam
779 2069 994 2139 insularum
1009 2083 1182 2159 partem,
1213 2065 1263 2137 cui

262 2181 351 2239 ἰιι
378 2168 570 2242 Haraidus
589 2167 893 2241 Gunnhildiades
916 2169 1167 2262 Hafgrimurn
1183 2191 1262 2274 prae

237 2267 240 2276 ’
281 2269 442 2362 fecerat,
465 2269 1056 2372 etpraetereaThrandusfilium
1069 2247 1261 2385 Haigrinii,

235 2427 238 2432 <
272 2372 436 2444 nomine
459 2360 657 2460 Ossurem,
698 2370 927 2459 decennem,
963 2371 1166 2444 enutrivit.
1213 2369 1261 2438 Sic

154 2541 156 2553 ¹
250 2486 252 2491 “
283 2469 1019 2620 ThrandusomnibusFaereyispraefuit,
1035 2470 1259 2569 nequequis

282 2593 398 2668 quam
410 2571 445 2644 ei
462 2587 593 2646 contra
611 2572 736 2644 dicere
750 2593 862 2642 ausus
878 2586 946 2648 est,

387 2671 475 2766 Cap
495 2683 566 2747 tet
618 2655 701 2749 Hac
716 2671 849 2744 eadem
872 2685 1022 2761 aestate,
1050 2695 1127 2764 qua
1142 2671 1258 2744 fratres

276 2770 564 2861 occubuerunt,
597 2773 701 2842 navis
720 2773 967 2868 Norvegiea
956 2796 998 2846 111
1019 2787 1178 2870 portum
1195 2775 1257 2844 Fae·

228 2867 230 2872 ’
281 2895 349 2964 ιθ)
353 2893 504 2962 ensem,
531 2823 846 2964 T’horshafniam,
864 2873 1034 2965 appulit,
1062 2875 1256 2964 cujusprae

279 2973 419 3044 fectus
434 2988 514 3044 erat
543 2973 600 3045 vir
606 2973 831 3078 Vikensis,
845 2975 1002 3073 nomine
1022 2969 1168 3064 Hrafn,
1202 2970 1256 3066 qui

179 3167 182 3174 ¹
279 3061 614 3167 Hoimgardipeta
613 3075 833 3149 nominatus
847 3065 922 3163 est,
948 3076 1052 3172 quod
1072 3077 1255 3148 Orientem

279 3174 459 3248 versusin
470 3175 735 3249 Gnrdnrikiam
750 3176 1003 3268 navigaverat.
1057 3175 1254 3248 Hrafnerat
1308 3239 1309 3244 ,

168 3359 170 3362 ,
278 3274 337 3348 vir
355 3274 457 3345 dives
473 3291 510 3350 et
522 3277 655 3348 villam
665 3277 883 3370 Tunsbergt
894 3277 1040 3350 habu1t.
1070 3277 1169 3353 Cum
1179 3297 1252 3350 vero

277 3371 509 3450 mercatores
531 3377 579 3450 ad
607 3375 756 3451 abitum
781 3391 908 3450 essent
931 3373 1078 3469 potati,
1119 3375 1253 3452 advenit

276 3497 388 3550 mane
410 3478 577 3574 quodam
596 3477 801 3552 Thtandus
824 3477 871 3552 de
889 3479 1005 3576 Geta,
1043 3481 1170 3553 celoce
1184 3498 1252 3548 vec

276 3589 361 3661 tus,
387 3579 450 3650 hic
467 3579 768 3672 gubernatorem
784 3577 956 3669 seducit,
977 3603 1096 3674 seque
1107 3581 1179 3651 duo
1189 3598 1250 3646 ser

275 3699 341 3748 vos
352 3679 515 3768 novitios
532 3703 629 3752 veno
646 3680 789 3754 habere
805 3680 981 3756 ostendit.
1034 3676 1249 3776 Quoerasn

274 3799 356 3850 non
376 3779 482 3868 prius
503 3795 719 3873 emturum,
757 3803 874 3877 quam
893 3761 1075 3871 vidisset,
1107 3793 1248 3857 testatus

277 3891 343 3946 est.
398 3869 502 3954 Turn
518 3881 723 3982 Thrandus
736 3881 829 3956 duos
843 3903 984 3974 pueros
1001 3884 1190 3975 produxit,
1203 3901 1248 3948 ca·

274 3978 355 4066 pite
374 3999 478 4065 raso,
506 3982 601 4054 albis
621 3961 720 4074 sagis
738 3981 913 4072 indutos,
941 3999 1101 4075 aspectu
1118 3985 1246 4076 pulcro,

274 4077 371 4150 fecie
398 4099 477 4172 prae
502 4081 634 4153 dolore
656 4081 815 4158 tumida..
883 4089 989 4163 Tum
1013 4085 1137 4162 Hrasn
1159 4083 1244 4152 infit:

275 4191 404 4266 estne,
430 4175 628 4260 Thrande!
652 4197 697 4256 ut
712 4183 755 4254 hi
772 4183 889 4276 pueri
906 4185 989 4278 sint,
1002 4189 1244 4283 gnatiBreste·
