2634 4682
365 323 454 422 150
666 343 938 412 m
1181 347 1283 414 rosc.

302 559 388 630 culo
415 551 701 645 collo'injeeto,
743 567 830 646 post
852 575 892 623 se
917 551 964 622 ad
988 551 1099 623 littus
1124 567 1285 622 tractum

301 657 450 750 scaphae
475 655 678 744 imposuit,
713 670 827 745 atque
847 655 899 722 sic
923 676 962 721 se
980 654 1027 722 ad
1047 675 1181 746 regem
1202 655 1284 721 ota-

300 782 392 826 vum
418 755 599 844 contulit,
634 769 679 822 ut
703 755 874 825 Thorein
891 777 911 820 e
928 753 1106 820 navicula
1124 753 1284 838 ejectum

234 863 237 870 '
300 855 511 926 identidem
526 854 633 944 aquis
647 853 931 947 submergeret,
943 883 946 894 v
957 847 1202 943 subindeque
1210 876 1283 919 ver-

300 957 458 1026 beribus
485 957 684 1024 mulceret.
760 954 874 1048 Quod
904 953 1035 1022 videns
1069 977 1161 1042 rex,
1202 976 1283 1020 cum

251 1075 254 1084 “
301 1058 433 1130 Thore
448 1055 575 1123 minus
592 1053 802 1124 honorifice
822 1055 904 1148 agi,
928 1067 1089 1126 testatus
1101 1058 1179 1122 est:
1206 1055 1283 1120 Fiu-

215 1226 219 1236 ,
300 1179 374 1228 nus
393 1155 615 1246 respondet:
644 1156 734 1224 hinc
748 1170 916 1247 apparet,
929 1177 1018 1222 eum
1031 1154 1100 1222 diu
1117 1153 1219 1226 mihi
1233 1153 1284 1220 in·

301 1258 424 1326 visum
440 1255 587 1340 fuisset
611 1256 764 1346 jamque
786 1256 895 1348 pejus
914 1269 953 1323 et
969 1254 1124 1352 dignius
1137 1277 1227 1322 cum
1245 1276 1284 1320 eo

300 1373 447 1452 agetur.
509 1361 612 1428 Tum
630 1357 805 1428 Thorem
826 1357 869 1426 in
884 1355 1075 1424 scindulas
1093 1354 1285 1441 diffissum,

300 1461 460 1552 ignique
476 1457 675 1546 injectum,
695 1458 738 1526 in
753 1457 899 1526 cineres
910 1455 1136 1550 combussit,
1153 1455 1285 1530 deinde

300 1561 493 1650 liquor-em
509 1557 697 1648 quendam
718 1555 954 1649 conciliavit,
995 1557 1058 1634 cui
1072 1556 1223 1625 cineres
1235 1557 1287 1623 in·

166 1643 186 1680 '¹
230 1745 233 1750 .
300 1661 412 1753 jecit,
448 1660 674 1750 pultemque
701 1657 886 1751 confecit,
904 1680 1039 1752 ¹quam
1065 1647 1223 1726 canibus
1237 1657 1286 1724 fe-

243 1842 251 1864 ⁴
301 1759 416 1850 minis
431 1759 551 1848 dedit,
579 1759 638 1828 his
654 1782 743 1830 usus
758 1757 898 1826 verbis:
925 1757 1063 1852 dignus
1087 1771 1145 1826 est
1170 1759 1285 1845 Thor,

302 1851 420 1952 quem
437 1883 547 1929 canes
566 1859 696 1947 edant,
723 1873 768 1928 ut
782 1860 863 1949 ipsa
875 1859 972 1927 filios
990 1879 1078 1928 suos
1099 1859 1149 1950 ¹).
1206 1863 1235 1928 F
1237 1861 1286 1926 in-

301 1985 373 2049 nus
386 1961 426 2028 in
442 1961 564 2030 aulica
581 1983 743 2030 munera
760 1953 937 2050 receptus
953 1973 1029 2047 est,
1056 1959 1223 2054 regique
1233 1984 1286 2028 co-

301 2083 384 2133 mes
409 2061 576 2132 adhaesit.
639 2059 767 2128 Sicubi
789 2084 879 2144 varo
901 2083 969 2128 rex
987 2084 1118 2130 reram
1134 2059 1283 2154 reiigio-

301 2185 393 2234 nem
414 2163 585 2248 jubebat,
618 2159 760 2229 Finuus
783 2183 822 2228 se
843 2162 936 2230 adeo
952 2161 1230 2230 vehementem
1253 2175 1284 2228 et

301 2261 490 2334 furiosum
507 2261 690 2352 praebuit,
717 2275 763 2328 ut
777 2284 835 2330 res
847 2261 893 2364 ad
906 2265 1070 2359 praesens
1085 2262 1284 2331 discrimen

201 2437 204 2450 ¹
302 2363 510 2452 spectaret,
536 2362 566 2430 si
584 2361 667 2452 quis
684 2360 719 2429 ei
728 2384 877 2448 rnorem
886 2383 1020 2454 gerere
1039 2364 1176 2432 nollet.
1207 2365 1284 2434 Fin-

302 2485 373 2538 nus
389 2477 470 2530 erat
484 2463 582 2532 bene
601 2475 790 2550 moratus,
819 2461 980 2554 diligens
994 2463 1196 2560 religionis
1214 2465 1283 2532 cul-

230 2603 249 2634 .,
301 2565 380 2652 tor,
395 2577 592 2656 „etregem
609 2561 875 2656 remidivinam
892 2561 1181 2640 celebraturum
1196 2588 1284 2633 sem·

301 2685 370 2754 per
395 2653 595 2732 comitatus
621 2677 687 2736 est.
743 2667 861 2736 Mane
882 2663 1050 2753 quodam
1066 2666 1213 2734 Finnus
1227 2688 1282 2734 ne-

303 2788 378 2854 que
403 2767 535 2833 cantui
560 2762 749 2856 matutino
774 2786 899 2854 neque
929 2764 1050 2832 missae
1086 2767 1281 2847 intereram

108 2874 113 2884 '
189 2951 199 2965 .
301 2864 384 2957 regi
399 2889 547 2934 causam
562 2863 768 2956 quaerenti,
792 2886 862 2935 cur
875 2886 945 2953 pro
957 2888 1067 2933 more
1083 2867 1282 2934 salitorem

303 2965 469 3036 divinam
489 2989 566 3033 non
591 2965 819 3053 celebraret,
858 2964 1100 3054 dictumest,
1137 2968 1281 3035 eumin

287 3067 402 3161 Jlecto
414 3067 557 3153 jacere.
610 3069 691 3137 Rex
709 3089 798 3134 eum
814 3065 1014 3153 accedens,
1043 3067 1227 3156 quaesivit,
1240 3090 1281 3134 an

303 3187 403 3258 aeger
429 3171 544 3242 esset,
600 3166 741 3234 Finnus
768 3189 851 3232 rem
870 3165 976 3234 haud
998 3186 1188 3260 magnum
1210 3190 1278 3236 mo·

301 3280 478 3361 mentum
500 3255 641 3334 babere
665 3265 898 3358 significavit.
940 3270 1022 3337 Rex
1046 3291 1140 3334 eum
1155 3269 1277 3336 morbo

302 3370 474 3458 graviora
489 3367 630 3436 tentari
645 3365 832 3453 sentiens,
860 3389 951 3436 eum
972 3365 1143 3434 decessui
1158 3369 1203 3436 ab
1219 3369 1279 3435 hac

302 3469 379 3536 vita
398 3469 606 3559 praeparari
627 3465 738 3552 fecit,
775 3467 908 3556 eique,
944 3468 1070 3556 quoad
1087 3467 1276 3536 decumbe-

127 3584 128 3594 ’
196 3645 201 3652 ,
300 3579 362 3639 ret
383 3569 439 3660 ²),
479 3569 559 3657 ipse
583 3570 746 3656 presens
770 3567 943 3634 amanter
969 3567 1090 3635 affuit.
1147 3567 1276 3636 Finitus

274 3755 279 3764 ι
300 3664 544 3756 hoomcrbo,
580 3668 652 3758 piis
671 3666 847 3756 precibus
867 3667 985 3736 deum
1002 3667 1198 3758 praefatus,
1223 3667 1275 3733 de-

304 3768 431 3852 cessit,
466 3769 506 3836 in
524 3767 631 3853 cujus
655 3781 778 3834 morte
801 3759 987 3860 magnum
1010 3768 1191 3844 damnum
1210 3765 1275 3834 sac*

301 3877 387 3939 tum
403 3891 500 3961 esse,
526 3889 595 3942 rer
617 3865 957 3957 Olavusjudic‘avit.
1023 3951 1029 3960 .

306 4091 332 4166 ⁸)
347 4095 512 4162 Notandum,
538 4098 583 4150 bic
598 4101 716 4156 Thorem
734 4099 792 4156 cuin
813 4100 924 4154 Saturno
943 4105 1108 4178 conspersit,
1137 4101 1197 4156 alias
1217 4115 1267 4150 cum

343 4186 417 4236 Jove.
460 4185 487 4251 ²)
502 4193 617 4256 vireret,
638 4191 671 4245 G.
707 4183 711 4191 ⁸
