2652 4678
251 275 290 386 .’
333 322 455 413 ·112
590 349 604 378 ι,
649 339 921 378 ---
1076 331 1303 452 ,ο.55.

304 551 480 624 cursione
494 545 643 638 vastari,
661 548 773 623 missa
791 547 937 642 sagitta,
950 543 1047 624 belli
1060 546 1211 640 nuntie,
1236 567 1309 620 na·

303 677 368 724 ves
385 650 560 735 instruit,
587 669 627 716 se
647 664 765 739 quam
783 648 982 718 celerrime
1006 665 1164 740 apparat
1170 699 1184 762 7
1221 665 1268 754 et
1287 674 1310 718 e

305 755 394 826 sinu
425 773 582 832 cursum
614 749 764 842 dirigit,
795 771 817 816 a
853 749 972 838 copiis
1007 749 1106 828 bene
1128 767 1307 841 paratus.

200 863 204 880 '
239 907 242 911 .
274 886 278 898 ·
305 854 366 928 Ad
376 849 533 928 boreale
546 849 795 922 iatusMaeriae
806 849 976 918 australis
989 847 1312 948 iniiagnfriidum

264 963 274 984 ‘
306 941 495 1033 incidens,
523 950 705 1040 proelium
726 950 857 1018 statim
887 949 1097 1041 commisit,
1132 974 1309 1020 numero

309 1053 465 1146 quidem
482 1051 677 1140 copiarum
695 1050 889 1140 superior,¹
911 1049 1070 1119 navibus
1083 1067 1215 1120 autem
1233 1053 1312 1120 mi-

308 1154 465 1225 noribus
486 1174 588 1219 usus.
626 1149 718 1222 Acri
733 1151 863 1241 itaque
879 1165 961 1220 orto
977 1153 1200 1238 certamine,
1214 1174 1312 1220 cum

309 1255 463 1344 junctiS,
489 1261 635 1328 uttum
651 1273 738 1320 mos
755 1251 914 1339 ferebat,
934 1252 1057 1340 proris
1069 1267 1312 1344 pugnarent,

309 1377 372 1426 res
388 1351 612 1428 Hakoniana
624 1349 782 1420 inferior
798 1351 882 1424 fuit.
939 1351 1036 1422 Cum
1055 1367 1182 1431 autem
1200 1369 1313 1422 utra-

312 1478 389 1548 que
410 1452 534 1523 classis
552 1465 645 1518 aestu
661 1453 823 1538 marino,
852 1453 919 1542 qui
934 1451 976 1519 in
988 1451 1087 1522 freto
1108 1467 1201 1539 erat,
1231 1467 1313 1522 t-er·

311 1577 396 1627 ram
412 1575 540 1622 versus
555 1573 632 1620 una
647 1550 786 1622 deferri
797 1553 982 1644 erupisset,
999 1555 1144 1624 -Hakon
1170 1553 1319 1646 dynasw

256 1723 259 1728 ,
311 1671 363 1742 ta,
395 1653 517 1744 proris
541 1652 701 1740 aversis,
724 1651 773 1722 ad
793 1667 936 1722 terram
958 1671 1002 1722 se
1030 1655 1197 1746 recepit,
1234 1678 1317 1744 qua

314 1753 506 1848 optimum
530 1763 611 1823 essa
628 1769 827 1847 egressum.
843 1753 1047 1840 judicavit;
1078 1769 1117 1824 et
1141 1755 1316 1824 simulac

314 1875 428 1927 naves
449 1853 557 1922 littus
573 1851 758 1922 vadosum
781 1855 1013 1943 sentiebant,
1047 1855 1205 1947 dynasta
1232 1849 1319 1923 suiss

225 1978 228 1986 ’
316 1979 392 2048 que
408 1977 543 2022 omues
558 1953 600 2022 in
621 1955 944 2048 terram'egressi,
976 1977 1090 2024 naves
1113 1955 1319 2029 subduxe-

315 2068 428 2140 runt,
448 2053 563 2122 ne-ab
582 2053 754 2142 hostibus
770 2053 909 2124 deduci
921 2071 1097 2144 possent,
1117 2057 1319 2126 instructa

318 2153 455 2227 deinde
474 2154 518 2250 iu
536 2169 669 2244 campo
687 2153 787 2241 acie,
827 2156 1084 2248 Ragnirddum
1108 2155 1156 2224 ad
1183 2179 1319 2251 egres-

317 2253 642 2346 sumvproroca‘vit„
693 2255 930 2350 Ragnirddus
947 2255 1103 2326 classem
1114 2255 1240 2324 littori
1251 2257 1319 2326 ad-

217 2389 220 2392 ·
296 2356 459 2452 movit,
486 2355 617 2447 sicque
641 2353 798 2444 utrique
816 2356 982 2425 invicem
1000 2359 1077 2426 tela
1098 2356 1319 2440 miserum

320 2479 409 2525 cum
424 2479 515 2523 vero
532 2453 769 2549 Ragnfrddus
783 2455 826 2526 in
851 2469 997 2526 terram
1020 2457 1149 2552 egredi
1170 2457 1319 2547 nollet,

319 2580 362 2628 re
388 2557 442 2627 ita
459 2554 680 2643 eonstituta,
695 2554 845 2652 *diversi
861 2554 1127 2630 discesserunt
1180 2559 1319 2652 Ragn-

151 2656 165 2693 ,·
249 2701 251 2704 -
319 2655 471 2728 frddus¹
516 2650 716 2741 metuens,
759 2677 809 2724 ne
828 2656 1036 2727 universus
1065 2657 1235 2748 populus
1269 2657 1319 2730 ad

270 2750 276 2770 '
321 2757 546 2835 Hakouem²
567 2758 795 2844 conflueret,
820 2771 960 2846 praeter
977 2758 1137 2828 Stadum
1153 2755 1319 2832 classem

321 2858 460 2929 tenuit.
512 2859 648 2947 Neque
666 2858 803 2926 Hako'n
818 2857 977 2949 dynasta
999 2858 1071 2930 hac
1092 2872 1224 2927 aestate
1248 2884 1319 2928 sae·

203 2967 207 2984 '
299 2960 409 3051 ..pius
433 2978 527 3032 cum.
546 2956 762 3051 Ragutrudo
789 2959 971 3048 proelium
988 2957 1319 3030 committendum

271 3089 273 3096 v
322 3057 484 3151 putavit,
495 3056 599 3151 quod
611 3056 740 3127 hostes
752 3058 949 3127 altioribus
961 3059 1139 3128 navibus³
1153 3060 1319 3129 uteban*

324 3175 411 3240 tur5
448 3179 580 3248 quare,
604 3158 789 3248 sequenti.
800 3171 986 3228 autumno
1004 3159 1167 3228 boream·
1182 3173 1319 3230 versut

323 3261 367 3330 in
382 3256 714 3334 Threndheimum
732 3280 925 3348 reversus,
948 3259 1006 3330 ibi
1021 3256 1193 3330 hiemem
1220 3263 1319 3353 egit.

324 3362 407 3430 Rex
424 3371 555 3426 autem
571 3357 812 3450 Ragnfrddus
834 3381 967 3428 omnes
982 3361 1193 3450 provincias
1211 3363 1319 3432 ultra

327 3457 486 3528 Stadum
506 3458 655 3546 tenuit,
686 3458 948 3548 Fjdrdensem,
987 3461 1180 3554 Sognum,
1217 3465 1319 3534 H'dr⁴

327 3559 449 3646 diam,
479 3557 763 3650 Rogalandum,
785 3581 1002 3653 magnoque
1017 3557 1221 3630 hominum
1246 3585 1319 3631 nu·

326 3679 435 3730 mero
471 3681 512 3728 se
540 3659 612 3725 hac
637 3659 766 3728 hieme
797 3660 968 3752 stipavit3
1013 3683 1103 3728 cum
1125 3663 1319 3752 vernabat

329 3757 457 3849 copias
470 3757 519 3827 ad
529 3757 813 3848 expeditionem
829 3761 1048 3851 imperavit,
1055 3781 1319 3853 magnumque

329 3859 454 3954 coegit
469 3858 699 3948 exercitum,
721 3862 806 3950 ipse
825 3881 957 3929 omnes
973 3859 1088 3931 modo
1107 3861 1319 3951 dictasprm

375 3993 402 4055 ¹)
421 3991 534 4052 Heron,
553 3991 585 4039 Ρ.
621 3985 655 4054 2)
674 3989 871 4057 Ragnfrddum,
891 3991 923 4040 F·
962 3988 993 4057 3)
1012 3995 1052 4046 sie
1071 3993 1104 4058 B3
1122 3991 1189 4056 iius,
1208 4007 1319 4042 numer-t

329 4079 553 4154 (praevalebant),
576 4080 608 4142 F,
623 4079 661 4143 ὃς
681 4077 777 4158 burda,
794 4081 891 4150 opibru
908 4081 1115 4151 (praevalebant)
1124 4117 1134 4146 ,
1150 4081 1186 4147 A,
1206 4075 1252 4131 sed
1266 4079 1319 4128 de«

329 4192 406 4243 prar-
422 4169 529 4224 ridetur
543 4186 578 4218 ex
593 4167 687 4223 bada.
