2634 4682
42 292 703 416 227c.1·'··*-·-
898 337 1027 430 215‘

42 559 112 632 ad
137 555 285 654 seponi,
306 581 403 650 quae
428 557 569 631 villane
582 557 794 648 ambiebat,
818 559 927 632 duxit
941 577 980 634 et
998 561 1054 641 tu

42 663 166 732 fatus
192 676 268 731 est·
304 659 441 730 hoc1n
462 661 547 729 loco
566 658 686 730 aedem
704 653 964 736 fabricanda&
988 691 1053 738 cu·
1106 673 1108 678 '
1177 658 1186 718 ἓ

37 777 169 851 rato,
201 761 244 832 in
271 761 459 830 honorem
479 757 594 828 unius
620 771 659 828 et
681 763 761 830 vari
781 762 864 852 dei,
904 767 1051 838 adhoc

43 867 183 936 instar
194 834 306 976 quod
317 859 390 930 tibi
404 859 646 943 monstrabo,
677 862 741 942 hic
758 886 847 932 vero
865 865 957 936 deus
977 869 1052 939 hoc
1091 876 1097 892 '

43 967 147 1058 ipso
163 985 266 1034 anno
286 962 329 1032 in
347 961 512 1032 comitiis
524 961 596 1030 tibi
609 962 925 1076 annunciabitur,
959 993 1052 1040 nam

20 1067 219 1160 primus
227 1065 300 1133 hac
317 1076 447 1157 aestate
463 1062 504 1132 in
522 1061 677 1146 comitia
680 1061 889 1153 equitabis
939 1069 1053 1164 Quod
1109 1101 1111 1108 s
1224 1055 1226 1062 ’

43 1167 89 1238 si
134 1167 297 1253 deum,
322 1162 393 1255 qui
429 1153 484 1232 ibi
516 1163 812 1234 annunciabitur
842 1169 936 1259 tibi,
976 1171 1051 1240 sin·
1144 1237 1147 1246 ,

45 1291 150 1338 cero
173 1264 288 1335 corde
311 1264 435 1356 coles,
462 1261 616 1332 sanitatl
629 1267 860 1358 restituens,
893 1285 1051 1341 etcum
1145 1255 1147 1274 '

42 1366 283 1462 integritate
307 1363 475 1467 corporis
495 1365 710 1434 laetaberis
699 1389 740 1435 ιιι
760 1387 854 1457 pace
873 1383 912 1438 et
927 1370 1049 1440 felici·

42 1483 138 1540 tate
160 1467 278 1555 hujus
300 1457 456 1560 mundi,
484 1479 522 1534 et
535 1465 576 1535 in
589 1455 732 1536 muudo
747 1467 880 1544 futuro
906 1485 1048 1541 aeterno

40 1571 205 1648 honore
224 1581 264 1638 et
278 1562 460 1637 beatitate
476 1565 624 1636 frueris.
662 1567 814 1637 Deinde
826 1561 1051 1642 fundamen

42 1687 145 1740 tum
163 1639 252 1744 adia
266 1667 710 1756 supendae5.Thorhallo
732 1685 937 1761 praesente,
962 1695 1051 1742 acu·

40 1787 93 1849 ,to
113 1766 247 1842 hastili
262 1788 418 1838 mensus
435 1781 512 1856 est,
539 1767 672 1860 sicque
684 1769 732 1838 ad
746 1793 838 1840 eum
852 1772 1048 1889 loquituts
1146 1825 1148 1832 .

43 1875 127 1942 hac
154 1869 304 1940 ratione
338 1867 459 1956 'aedem
488 1869 722 1960 construite,
772 1872 1051 1974 materiamque

44 1971 259 2061 adhibeto,
285 1993 370 2064 qun
387 1969 429 2038 in
444 1967 534 2040 lano
554 1983 631 2059 est,
657 1991 779 2062 prope
797 1973 926 2042 villam
941 1988 1050 2044 tuem
1123 2015 1130 2029 x
1223 2019 1226 2026 -

44 2072 288 2161 constituto,
329 2071 437 2162 quod
462 2067 623 2140 tribules
652 2071 898 2162 frequentare
923 2077 1049 2146 solent

43 2175 189 2266 ibique
200 2172 408 2264 quotannis
425 2173 557 2263 epulas
574 2173 824 2270 sacrificales
812 2188 1047 2262 mstaurare,

43 2277 131 2346 hoc
157 2272 291 2346 fanum
318 2271 445 2364 primo
470 2295 600 2361 matta,
637 2273 704 2355 ubi
722 2265 952 2366 sturexeris,
985 2275 1048 2346 de

43 2359 284 2446 struendum
302 2387 452 2463 curato,
477 2372 669 2464 falsosque
679 2373 789 2464 deos,
804 2398 898 2468 quos
907 2376 1049 2446 hucus

44 2500 131 2570 que
150 2474 322 2546 venerati
344 2473 464 2590 estis,
511 2473 649 2543 exhinc
678 2497 882 2567 nunquam
918 2476 1046 2547 colito.
1110 2527 1129 2546 ,

45 2573 212 2674 Quodsi
215 2574 373 2646 monitis
389 2573 485 2644 meis
498 2555 737 2666 obsequeris,
763 2598 920 2669 resque,
953 2601 1048 2670 quas
1130 2625 1136 2634 -

38 2676 239 2773 ,praeceph
273 2675 355 2747 sine
375 2673 615 2746 hesitatione
638 2674 748 2790 iacis,
781 2677 889 2748 brevi
912 2697 1056 2748 conva·'

44 2783 196 2868 lesces,
228 2775 437 2896 indiaeque
465 2775 606 2860 virium
634 2776 781 2883 capies
792 2763 1041 2850 incrementa.

43 2880 125 2953 His
144 2877 257 2960 dictis
274 2877 449 2950 bomem
465 2877 607 2962 somnis
621 2872 806 2968 apparens
824 2902 846 2948 e
864 2901 1044 2972 conspec·
1115 2959 1126 2974 ι
1190 2897 1200 2911 ’

44 2997 97 3050 ιιι
122 2979 297 3070 evanuit,
334 2979 401 3050 ille
421 2998 511 3048 vero
529 2993 777 3068 experrectus
800 2980 834 3069 ¹)
850 2979 1046 3075 visionifi-

45 3083 143 3152 dem
156 3079 312 3169 habuit,
346 3094 386 3150 et
398 3102 488 3148 mox
503 3079 750 3172 illucescente
770 3077 832 3148 die
848 3079 1045 3173 operarios

45 3203 188 3254 omnes
210 3180 342 3271 jussit,
369 3179 472 3251 irent
488 3173 690 3250 confestim
707 3193 747 3248 et
762 3177 897 3250 fanum
915 3180 1046 3251 demo·

43 3283 236 3374 litentur,
272 3282 377 3376 ligna
394 3281 550 3352 domum
570 3279 813 3350 adveherent.
868 3281 944 3375 Qui
971 3281 1045 3350 etsi

45 3383 398 3455 obmurmurabant
428 3396 468 3452 et
496 3379 588 3450 talia
611 3402 692 3450 esse
713 3380 850 3452 deliria
873 3383 975 3452 inter
1003 3403 1044 3450 se

27 3475 298 3579 dictitabant,
314 3483 437 3554 nihilo
451 3481 578 3554 minus
593 3496 722 3552 tamen
732 3505 811 3552 non
828 3481 910 3551 ausi
931 3483 1045 3570 jussis

44 3601 185 3678 aperte
198 3585 385 3676 obloqui,
403 3597 534 3654 exacte
548 3583 650 3680 quod
665 3581 847 3672 praecepit
856 3581 1042 3656 fecerunt
1128 3630 1136 3642 .

45 3693 106 3761 Ex
121 3687 196 3758 hoc
212 3700 386 3777 tempore
403 3670 1045 3761 Thorlialluseademiabricarecoe·
1109 3683 1111 3686 ’
1160 3713 1164 3720 ’

37 3789 109 3882 pit
132 3789 268 3860 eodem
291 3807 448 3902 prorsus
473 3785 591 3854 modo
613 3783 829 3875 eademque
850 3786 1045 3892 magnitu-

47 3890 159 3980 dine,
184 3909 229 3959 ac
244 3890 286 3958 in
301 3889 447 3958 somnis
465 3901 659 3956 ostensum
674 3883 810 3955 fuerat.
858 3885 927 3957 Εο
947 3897 1044 3954 tem·

46 4011 145 4082 pore
171 3989 276 4060 haud
291 3991 428 4084 procul
444 3985 559 4060 inda
548 4007 589 4055 ιιι
605 3989 777 4078 proxima
795 3979 885 4055 villa
900 3985 1045 4055 mulier

52 4205 211 4277 ¹)1oeunu,
231 4211 262 4288 B,

94 4505 118 4540 j
