2634 4682
379 374 469 466 172
607 318 612 326 ι
664 395 951 475 *r*
1184 387 1267 454 cuc.

246 643 249 656 ·
313 607 379 682 hic
392 603 628 700 aliquamdiu
642 619 900 678 commoratus
919 601 1058 693 fuerit,
1086 601 1271 696 aliquidne

316 710 415 804 gotii
430 708 539 778 nobis
553 707 839 800 faces-siturum,
879 729 1068 798 perquam
1089 721 1148 774 est
1161 707 1270 776 verosi-

316 811 429 888 mile,
478 808 608 878 Ceteri
629 809 822 892 daemones¹
849 807 1154 897 responderunt:
1186 806 1272 876 nimi-

248 923 253 933 ‘
315 935 384 980 um
401 913 501 979 bene
517 909 693 980 novimus
703 959 719 999 ,⁴
739 921 899 1000 quantas
926 908 1034 976 nobis
1052 908 1230 978 molestias
1245 921 1272 976 et

314 1012 489 1084 laesiones
508 1011 596 1100 plus
618 1035 694 1080 una
713 1011 795 1079 tice
813 1008 1008 1095 intulerit,
1046 1032 1093 1077 ex
1110 1032 1181 1100 quo
1198 1009 1272 1076 hunc

249 1168 252 1178 .
314 1127 458 1180 terram
475 1111 667 1204 ingressus
678 1125 759 1200 est,
790 1111 858 1202 qui
879 1131 1093 1218 nunquam
1094 1133 1164 1178 nos
1178 1109 1274 1199 quies-

317 1234 404 1281 cere
424 1212 557 1299 sinat,
570 1211 637 1302 qui
654 1211 868 1280 amicorum
883 1223 1104 1296 nostrorum
1121 1209 1273 1301 quosdam

315 1311 564 1426 interfecerit,
586 1313 768 1402 quosdam
781 1311 855 1381 alio
868 1310 999 1402 pejore
1001 1301 1127 1378 modo
1141 1309 1275 1378 malitio-

316 1413 368 1481 sis
384 1413 584 1482 calumniis
601 1415 647 1482 ab
662 1413 770 1482 nobis
786 1403 1027 1498 abstraxerit,
1054 1433 1123 1478 nos
1140 1434 1220 1479 vero
1235 1410 1274 1498 ip-

301 1537 377 1582 ·sos
396 1537 417 1581 a
437 1514 600 1604 propriis
621 1513 771 1582 sedibus
791 1512 967 1599 ejecerit5
1002 1510 1096 1602 quin
1114 1511 1276 1580 incertum

314 1615 429 1701 aden,
454 1615 629 1687 annobis
647 1614 761 1684 reiin
778 1614 852 1681 hoc
867 1611 1087 1680 exiliotutis
1102 1613 1147 1680 ab
1163 1635 1202 1680 eo
1217 1632 1275 1678 esse

316 1716 455 1798 liceat5
480 1739 534 1784 vae
552 1729 691 1786 nostrae
705 1713 939 1801 infirmitati,
966 1710 1036 1802 qui
1063 1711 1144 1797 ejus
1161 1707 1277 1780 'ulcisci

234 1843 240 1854 ‘
316 1837 555 1906 nequeamus
574 1814 730 1902 injurias
745 1815 853 1885 nobis
872 1813 1052 1883 amicisve
1073 1812 1210 1895 illatas5
1232 1833 1275 1878 ve

318 1941 407 1986 rum
420 1931 550 1984 tamen
565 1916 749 2008 quicquid
771 1915 1002 2006 poterimus,
1029 1910 1224 1998 faciemus,
1245 1921 1276 1976 ut

313 2017 740 2107 hosproximos'tractus
757 2012 1275 2085 hominibushabitatosvaste·

315 2141 428 2188 mus.
435 2118 753 2208 Tumprinceps
768 2140 920 2190 eorum:
938 2099 1062 2182 'dicite
1078 2113 1185 2202 mihi,
1207 2108 1276 2202 quid

248 2221 254 2232 ’
315 2217 462 2334 negotii
478 2216 580 2286 inter
596 2239 661 2286 uos
680 2215 923 2310 agitaveritio.
977 2213 1138 2304 Excepit
1148 2234 1236 2280 unus
1245 2230 1275 2278 ex

286 2396 289 2399 ,
314 2317 481 2408 impuris
502 2317 715 2408 spiritibus:
749 2319 795 2386 Iu
809 2315 1037 2388 Gaulardalo
1052 2313 1156 2382 haud
1168 2310 1275 2404 procul

314 2420 361 2492 ab
387 2417 513 2490 Hllada
537 2418 779 2510 )hab1tavr,
806 2415 976 2487 amicitia
995 2414 1158 2487 Hakono
1186 2427 1276 2482 satra·

220 2560 253 2592 r
315 2541 373 2610 pae
390 2519 540 2606 juncta,
567 2519 636 2610 qui
657 2518 755 2586 mihi
768 2520 864 2586 bona
880 2537 1042 2586 munera
1059 2507 1182 2598 dedit5
1212 2533 1276 2581 curn

316 2642 407 2688 vero
433 2639 552 2712 regno
580 2633 618 2687 et
640 2618 718 2686 vita
742 2619 901 2732 inriigne
918 2615 1090 2706 privatus
1109 2628 1208 2704 erat,
1230 2609 1275 2679 hic

293 2783 297 2790 .
317 2719 463 2788 crudeli
465 2742 482 2788 s
498 2720 555 2788 vir
571 2721 614 2788 in
629 2719 806 2787 locum
774 2741 857 2805 eJus
873 2715 1077 2785 successit.
1120 2716 1193 2786 Die
1208 2732 1274 2805 quo·

316 2821 405 2888 darn
427 2842 524 2888 cum
546 2819 662 2888 aulici
680 2816 1201 2912 regis'ludum-institueraut
1219 2828 1273 2880 tau

247 2927 250 2934 '
316 2943 438 3012 prope
455 2943 476 2987 a
492 2921 643 3008 sortibus
655 2921 772 3007 meis,
799 2933 843 2988 ut
858 2919 1046 2992 'tumultus
1065 2929 1105 2988 et
1122 2917 1273 2988 clamores

318 3045 451 3090 eorum
465 3021 548 3132 pati
566 3021 837 3111 desperarem,
862 3022 962 3093 clam
979 3017 1072 3086 ludo
1091 3030 1273 3085 eorumne

316 3121 529 3206 immiscui,
560 3127 771 3210 unumque
782 3143 915 3188 eorum
934 3117 1109 3186 manibus
1135 3133 1273 3204 compre

316 3220 511 3292 hensum
502 3235 556 3290 tta
578 3221 730 3310 adfeci,
762 3236 806 3289 ut
828 3218 1031 3290 brachium
1054 3219 1137 3304 ejus
1156 3215 1273 3304 frange

303 3345 422 3404 ‚rem5
450 3321 626 3411 sequenti
643 3345 732 3390 vero
749 3321 808 3390 die
827 3343 910 3390 crus
926 3318 1085 3388 alterius
1102 3317 1272 3410 fregiqu

275 3435 278 3444 ’
305 3423 428 3503 ,ambo
443 3423 539 3490 laesis
555 3421 736 3506 membris
751 3423 796 3490 ab
813 3421 904 3489 ludo
922 3421 1200 3500 abscesserunt5
1220 3427 1272 3480 ter·

316 3522 371 3588 tio
389 3521 450 3589 die
465 3545 532 3596 rex
546 3522 627 3612 ipse
638 3523 824 3620 advenit,
835 3536 873 3590 et
889 3522 990 3590 inter
1007 3537 1072 3588 eos
1090 3517 1214 3588 ludere
1223 3535 1271 3582 cu

315 3622 410 3710 pit5
421 3641 491 3713 ego
508 3645 595 3690 vero
613 3621 729 3690 etiam
746 3622 947 3692 accession
967 3620 1149 3710 consilio,
1175 3631 1212 3686 ut
1226 3611 1271 3680 ali

319 3720 381 3787 cui
406 3719 557 3799 homini
582 3745 722 3793 noxam
745 3722 936 3790 inferrem.
998 3721 1100 3788 Cum
1114 3718 1169 3786 ibi
1185 3711 1270 3807 pleti-

317 3843 393 3909 que
416 3822 590 3890 homines
609 3822 720 3890 mibi
732 3821 1013 3916 essentignoti,
1040 3841 1163 3911 neque
1181 3816 1270 3884 alium

317 3919 422 4003 abl
385 3920 459 3988 alio
487 3921 771 4014 dignoscerem,
797 3947 934 4000 unum
931 3922 1073 3996 durius
1093 3917 1269 4010 apprehen·

317 3995 413 4102 di5
404 4041 435 4086 ts
449 4025 539 4089 vero
557 4044 691 4091 manus
706 4017 1045 4138 contraibferens,
1062 4036 1225 4111 utrasque
1234 4013 1268 4080 la

129 4305 132 4314 Δ
213 4231 216 4236 ’
321 4204 476 4308 onata,
497 4246 570 4300 uc.
586 4221 631 4318 sis
