2640 4682
47 433 149 501 1910.
405 415 677 514 ,Ξ-
878 410 969 500 117

45 637 145 733 prius
167 661 289 732 pauca
309 639 421 730 loqui
438 643 546 725 volo3
580 643 650 717 ubi
673 666 762 714 vero
784 641 1028 736 sigmundus,

46 757 222 838 cognatus
237 742 369 811 meus?
388 743 543 829 Adsum,
570 743 696 836 inquit
708 746 795 822 ille.¹
840 749 904 816 Tu
916 745 1031 836 solus,
1160 805 1164 823 ,

45 847 218 941 cognate!
247 847 347 915 inter
360 847 429 916 nos
439 847 601 936 decidas,
626 871 777 943 egoque
791 847 1031 941 religionem,
1131 852 1135 862 ‘
1161 874 1167 894 ·

44 973 154 1042 quam
177 949 253 1038 vis,
284 949 506 1041 acceptabo.¹
558 956 663 1023 Tum
691 951 842 1030 Thorer
864 950 1033 1024 Beineris

42 1052 160 1122 filius:
192 1065 241 1118 tu
259 1073 370 1141 eum,
403 1051 542 1120 homo!
569 1066 741 1144 percute.
765 1056 768 1064 “
795 1051 1030 1145 Sigmundus

42 1153 191 1244 reponit
199 1158 210 1221 :'
233 1175 314 1221 non
328 1151 400 1222 hac
414 1153 754 1246 vicepereutietur,
775 1153 839 1244 „Id
853 1152 927 1222 tibi
936 1151 1031 1222 ami·

43 1256 166 1346 cisque
182 1253 263 1322 tuis
277 1251 354 1320 virt
369 1253 501 1341 stabit,
514 1289 516 1292 ·
528 1255 583 1324 ait
598 1255 771 1343 Thorer‚
796 1253 828 1326 si
843 1275 947 1333 nunc
959 1255 1031 1322 sal-

42 1379 104 1425 vus
123 1355 261 1429 evadit.
322 1355 555 1448 Sigrnundus
573 1379 613 1432 se
634 1357 715 1442 ejus
734 1357 791 1436 rei
807 1353 1029 1445 periculum

42 1458 232 1525 iacturum
251 1456 425 1528 ostendit.
478 1459 584 1536 Tum
595 1457 802 1536 Thran'dtts
815 1453 1030 1536 domestici

43 1581 111 1650 que
131 1558 194 1627 sui
222 1580 246 1626 a
270 1556 493 1650 presbytero
517 1557 708 1672 baptizati
757 1543 1029 1650 Sigmundus,

41 1660 216 1747 adjuncto
235 1657 308 1726 sibi
327 1657 507 1732 Thrando
522 1659 681 1749 comite,
709 1681 840 1742 ornnes
857 1659 1030 1750 Faereyas

40 1749 268 1854 peragravit,
295 1781 376 1828 non
387 1757 494 1848 prius
512 1759 718 1854 desistens,
744 1781 861 1852 quam
876 1756 1030 1828 univer·

41 1883 93 1930 sos
127 1861 276 1930 incolas
318 1859 365 1935 ad
400 1859 725 1938 christianismum
765 1856 1025 1934 convertisset.

40 1958 185 2032 Deinde
202 1961 341 2031 eadem
360 1973 488 2034 aestate
502 1983 638 2038 navem
650 1973 772 2053 parat,
799 1957 1031 2050 Norvegiarn

41 2063 248 2152 petiturus,
280 2061 439 2158 regique
464 2063 610 2140 tributa
631 2062 865 2153 insuperque
880 2060 1038 2134 Theon·

43 2164 126 2233 dum
143 2163 191 2232 de
211 2165 312 2236 Gata
325 2162 553 2240 redditurus,
580 2163 783 2252 Thrandus
797 2185 898 2250 vero,
910 2162 1029 2231 anim·

42 2261 234 2336 advertens
250 2261 505 2357 Sigmundum
518 2287 558 2332 se
576 2265 661 2355 regi
678 2264 923 2351 traditurum,
941 2281 1029 2352 pro-

41 2365 242 2436 fectionem
260 2367 475 2453 excusavit,
503 2363 735 2457 sigmundus
747 2387 835 2435 vero
849 2363 1030 2452 inincep·

40 2482 74 2536 to
89 2467 278 2560 perstitit,
305 2488 489 2556 moxque,
527 2478 641 2542 vento
662 2465 827 2559 secundo
848 2465 1028 2555 spirante,

41 2569 247 2640 retinacula
270 2567 304 2660 ¹)
329 2567 502 2653 solvunt5
529 2587 618 2643 ,cunr
633 2588 724 2634 vero
738 2565 843 2636 haud
856 2566 976 2660 longe.
988 2564 1030 2634 in

42 2671 156 2739 altum
178 2667 353 2760 provecti
380 2681 521 2755 essent,
565 2667 607 2735 in
628 2679 738 2737 aestus
758 2666 968 2736 maritimos
992 2679 1032 2733 et

41 2783 283 2880 tempestates
306 2767 537 2857 incidentes,
571 2767 618 2838 ad
645 2771 674 2841 F
677 2790 817 2862 aereyas
834 2769 958 2858 repell
960 2789 1030 2836 un-

41 2883 109 2960 tur,
128 2859 199 2941 ubi
213 2869 473 2966 navepenit‘us
494 2855 705 2957 confracta,
716 2891 776 2938 res
792 2891 922 2938 omnes
938 2867 1031 2936 ami·

41 2986 184 3060 serunt,
209 2987 414 3044 nautarum
427 2969 602 3070 plerique
616 2969 763 3042 servati.
798 2966 1031 3062 Sigmundus

41 3073 261 3152 Thrandum
275 3073 494 3162 multosque
503 3070 775 3146 alrosservavrt
826 3067 1030 3143 Thrandus
1048 3153 1051 3163 1

43 3172 244 3266 significat,
268 3172 374 3248 haud
387 3169 491 3241 facili
512 3171 547 3269 ²)
567 3170 809 3264 navigatione
822 3192 979 3258 usuros,
998 3167 1031 3236 si
1112 3161 1115 3168 ’

42 3293 76 3339 se
100 3275 264 3346 invitum
287 3274 334 3348 ad
360 3271 921 3370 proficiscendum'cogerent..
949 3270 1029 3363 sig-

42 3378 213 3462 mundus,
238 3399 329 3449 eum
342 3372 599 3446 nihilosecius
617 3371 778 3461 iturum,
806 3375 877 3467 etsi
891 3373 1029 3440 moles·
1052 3453 1055 3458 A

42 3485 120 3544 turn
139 3479 214 3570 ipsi
236 3477 449 3566 videretur,
485 3472 661 3546 ostendit.
733 3473 867 3548 Sumta
893 3471 1029 3544 deinde

43 3575 235 3693 alienave,
259 3576 519 3670 propriisque,
547 3574 683 3666 quibus
701 3572 938 3664 abundabat,
963 3596 1029 3664 pe-

46 3679 171 3776 cuniis,
196 3703 288 3774 quas
300 3701 370 3771 pro
387 3676 534 3748 tributo
550 3695 633 3768 regi
622 3673 831 3768 redderet,
848 3676 1029 3768 sigmun-

46 3771 106 3843 dus
123 3802 212 3849 curn
232 3781 309 3852 suis
333 3779 453 3850 altera
476 3777 557 3844 vice
582 3777 624 3844 in
647 3775 770 3844 altum
781 3771 1028 3867 provehitur,

44 3895 138 3946 nunc
155 3903 234 3968 non
250 3879 431 3968 ulterius,
457 3891 574 3969 quarn
591 3889 721 3965 antea,
748 3879 1028 3969 pervenientes,
1098 3943 1102 3952 .

45 3959 280 4051 vehementes
298 3981 470 4050 adversas
483 3973 727 4069 tempestates
742 3979 1028 4066 nanciscuntur,
1073 4046 1079 4062 x

47 4072 162 4150 denuo
179 4082 226 4153 ad
241 4087 414 4176 Faereyas
425 4080 672 4170 rejiciuntur,
698 4099 914 4174 navemque
930 4078 1031 4153 obti-
1126 4141 1129 4148 .

50 4225 307 4248 Ἢ

51 4291 183 4358 ¹)ternorir
195 4301 350 4385 (reiigunti’)
365 4303 396 4356 F.
440 4302 468 4370 ⁸)
483 4299 578 4368 celeri,
599 4303 630 4354 B.
