2634 4682
32 365 150 432 2260·
405 347 676 463 -ssss
845 311 961 452 s‘2111
996 407 1000 413 -
1045 315 1049 322 ’
1086 314 1100 390 ’·

31 576 140 645 tibus
158 571 330 644 hibernis
350 575 566 670 algoribus3
601 589 686 644 tum
705 576 748 643 'in
768 601 813 646 eo
832 583 1034 652 territorio·

33 699 191 745 summa
205 677 418 746 auctoritas
441 690 521 746 erat
535 699 654 767 penes
673 673 861 751 llrnorem
881 686 1028 754 Kerlin-

32 777 235 870 garnefem
251 779 404 868 (vetulae
416 779 581 869 nasum),
594 781 788 850 Miklabaei
803 781 842 850 in
853 785 1031 854 Oslands-

31 879 143 948 hlida
156 879 402 970 habitantem.
458 881 582 973 Quem
602 904 647 948 ex
666 881 745 973 hoo
757 897 945 954 conventu
964 887 1030 954 do-

31 1003 147 1048 mum
173 991 370 1072 reversum
394 993 519 1048 mater
541 981 697 1050 accessit
718 982 911 1070 Thurida,
949 987 1038 1057 filia.

30 1083 117 1152 Reli
133 1083 182 1150 de
198 1071 338 1167 Bardo,
368 1103 534 1171 eumque
549 1084 713 1173 graviter
735 1083 944 1174 admodum
969 1088 1028 1164 in·

31 1181 210 1274 crepuit,
238 1179 340 1272 quod
356 1195 435 1250 tam
451 1181 596 1250 crudeli
618 1184 814 1252 sententiae
834 1189 1027 1256 calculum

29 1283 260 1369 addidisset,
288 1285 409 1362 multa
430 1305 527 1351 sanae
540 1284 699 1372 'rationis'
715 1309 879 1374 veraque
899 1287 954 1355 rei
969 1311 1027 1356 ar-

30 1399 221 1476 gumenta
244 1395 377 1452 'coram
407 1381 587 1471 afferens,
628 1406 743 1474 quam
779 1385 959 1458 inauditae
988 1403 1028 1458 et

30 1485 202 1553 enormis
214 1484 503 1554 inhumanitatis
521 1497 632 1571 esset,
657 1501 805 1575 patrem
817 1501 1028 1576 etmatrem

29 1589 176 1654 aliosve
199 1586 435 1676 propinquos
461 1599 541 1654 tam
567 1609 672 1653 saevae
696 1587 813 1654 morti
843 1590 1023 1675 objicere.
1053 1647 1057 1654 .

31 1688 150 1754 Certo
167 1687 279 1775 scito,
306 1686 449 1776 inquit,
474 1687 543 1780 etsi
562 1686 644 1776 ipse
663 1687 754 1754 talia
781 1709 861 1758 non
890 1711 1043 1782 perpea.

30 1804 132 1876 tres,
160 1801 198 1855 te
216 1801 346 1855 tamen
370 1782 598 1877 neutiquam
614 1785 807 1856 'insontem
831 1804 897 1858 aut
916 1789 1026 1860 inno-

30 1903 189 1958 centem
212 1885 328 1974 h'ujus
353 1889 502 1956 scelesti
524 1887 847 1977 homicidiiesse,
888 1904 1057 1982 utpotex
1130 1873 1167 1922 ‘⁸

29 1992 198 2059 aliorum
211 1988 425 2080 principem
440 2003 478 2057 et
491 1983 712 2079 praetorem,
733 1989 763 2057 si
779 1991 1025 2076 subditistuis
1056 2072 1058 2083 Ι

29 2088 242 2182 permittis,
271 2104 314 2157 ut
332 2089 510 2158 saeviente
520 2088 652 2158 'hieme
666 2079 842 2179 parentes
856 2107 925 2160 aut
937 2099 1025 2184 pro-

27 2193 199 2282 pinquos
226 2204 404 2283 cognatos
435 2190 549 2260 domo
581 2191 803 2279 excludant,
844 2205 960 2282 atque
985 2193 1026 2262 id
1100 2269 1104 2274 ,

29 2291 208 2384 quidem,
246 2291 318 2360 etsi
341 2313 419 2362 non
440 2289 658 2382 permittas,
693 2292 824 2363 sinon
846 2294 1025 2363 omnibus
1102 2328 1105 2336 1

28 2393 175 2462 viribus
190 2391 335 2488 talibus
354 2391 656 2462 immanitatibus
677 2392 831 2463 resistis.
886 2397 1022 2484 Amor,

28 2493 265 2564 benevolum
280 2492 410 2560 matris
429 2491 602 2563 animum
610 2492 848 2586 intelligens,
875 2493 1026 2564 incusa-

27 2597 178 2664 tionem
195 2593 275 2680 ejus
294 2594 568 2688 aequi-bonique
578 2594 790 2678 consuluit3
805 2595 933 2664 animo
948 2597 1044 2663 haeae
1067 2589 1073 2602 ‘

28 2719 139 2784 rens,
167 2694 258 2784 quid
277 2691 495 2763 faciendum
509 2698 715 2784 statueret,
741 2693 782 2764 id
797 2695 947 2764 consilii
964 2721 1023 2765 ce-

28 2797 110 2888 pit,
136 2809 181 2865 ut
199 2795 426 2864 domesticos.
441 2794 489 2864 ad
504 2794 697 2886 proximas
711 2795 820 2866 villas
836 2795 1026 2886 mitteret,

30 2897 101 2989 qui
117 2917 249 2965 omnes
268 2917 376 2982 senes
392 2895 570 2966 homines
589 2909 627 2963 et
639 2895 824 2964 domibus
842 2900 1022 2988 expulsos

29 2995 1022 3088 conquirerentetdomumadseveherent3quosom-

28 3123 99 3168 nes
123 3099 271 3166 summa
294 3095 576 3166 curanutrivlt.
636 3096 817 3187 Sequenti
836 3097 898 3170 die
914 3119 1023 3192 mag·-

28 3221 127 3268 num
137 3194 368 3289 colonorum
378 3220 586 3266 numerum
601 3196 837 3288 convocavit,
852 3211 1021 3289 cumque

28 3301 73 3368 in
98 3313 328 3368 conventum
352 3299 536 3385 venisset,
562 3298 616 3366 ita
639 3321 702 3368 eos
727 3299 918 3368 allocutus
941 3312 1019 3370 est:

28 3411 169 3469 notum
188 3387 295 3486 yobis
319 3414 393 3488 est,
418 3399 538 3490 'quod
561 3399 763 3489 publicum
788 3414 1021 3472 conventum
1116 3475 1120 3488 Χ

28 3499 146 3592 padlo
163 3500 486 3584 antehabuimus3
513 3497 755 3570 deinde'vero
772 3520 1021 3572 communem

28 3615 202 3671 nostram
213 3599 480 3670 'necessitatem
499 3623 588 3674 curn
600 3601 730 3668 animo
748 3623 833 3668 meo
850 3601 1020 3670 conside-

29 3700 128 3791 ravi,
156 3715 194 3770 et
210 3701 387 3770 contendi
401 3723 490 3770 cum
503 3702 664 3770 immani
682 3702 750 3770 illo
770 3701 947 3790 consilio,
972 3701 1019 3771 de
1045 3769 1047 3776 .

31 3823 109 3892 quo
131 3801 298 3871 universi
322 3795 600 3888 consensimus,
644 3794 840 3871 licentiam
860 3795 1018 3892 permit-

28 3915 157 3971 tentes
172 3924 307 3972 necem
317 3901 505 3972 inferendi
521 3901 675 3971 senibus
693 3915 732 3970 et
742 3901 932 3992 omnibus,
951 3903 1018 3992 qui
1052 3959 1068 3982 χ

31 4003 236 4073 laborando
263 4004 379 4072 vitam
399 4004 564 4076 tolerare
588 4015 800 4098 nequeant,
844 4025 907 4074 eos
932 4003 1017 4070 vitae
1076 4007 1079 4012 ’

31 4103 221 4174 alimentis
234 4103 472 4196 prohibendo
484 4124 495 4189 3
519 4117 633 4194 atque
642 4124 716 4193 me,
733 4127 753 4172 a
769 4123 857 4180 vera
870 4103 1016 4172 ratione

394 4207 397 4214 ,
468 4229 471 4240 Ι
720 4231 728 4252 ἱ
756 4204 819 4275 012
897 4207 899 4218 ,
