2634 4682
330 395 424 483 226
640 410 915 444 “·····“··
1140 416 1248 486 2290.

230 639 235 662 “
258 621 432 710 fecisset,
459 617 586 688 divina¹
600 615 722 711 gratia
739 632 818 687 tam
835 617 1044 686 salutarem
1058 617 1164 688 dedit
1180 620 1252 688 elo·

260 721 428 814 quentiae
445 743 523 788 suae
544 720 746 807 eflectum,
773 733 819 785 ut
835 717 1005 788 universi
1026 720 1252 814 comitiales,

258 837 340 892 tam
362 820 645 911 etlmictquam
668 817 884 907 christiani,
920 841 998 888 uno
1016 821 1148 889 'statim
1168 843 1254 889 oon-

147 939 151 946 '
259 945 394 1012 sensu,
437 920 593 1012 nemine
618 920 873 1011 obloquente,
914 917 1178 1008 affirmarent,
1217 945 1254 1002 se

257 1024 431 1118 legibus,
457 1042 550 1112 quas
567 1035 772 1115 rogaturus
788 1034 905 1110 esset,
932 999 1090 1108 itsuros,
1118 1043 1254 1118 easque

131 1199 135 1206 ,
259 1125 367 1194 omni
385 1135 555 1214 exparte
575 1125 851 1192 observaturos.
883 1139 888 1148 “
915 1125 1022 1193 Tum
1056 1122 1253 1216 Thorger:

137 1273 141 1284 ·
229 1287 231 1296 ,
258 1226 334 1296 hoc
350 1224 585 1316 principium
596 1236 681 1292 esto
697 1223 829 1314 legum
846 1229 1084 1309 nostrarum,
1096 1223 1145 1292 ad
1158 1223 1254 1292 chri·

260 1327 402 1394 stianos
427 1323 603 1392 homines
623 1323 899 1392 conciliandos:
926 1321 1051 1414 quivis'
1069 1323 1189 1392 homo
1205 1325 1255 1392 Is-

258 1417 396 1498 landus
413 1421 538 1510 major
550 1426 741 1514 minorve,
769 1423 997 1493 christianus
1011 1435 1099 1502 esto
1120 1425 1254 1515 ethop-

258 1529 395 1600 tizator
418 1527 474 1616 ¹),
501 1509 628 1593 omnia
644 1523 730 1594 lana
748 1527 777 1593 lc
792 1523 993 1644 simulacra
1006 1523 1170 1615 impune
1180 1527 1255 1594 vio-

144 1629 148 1642 '
222 1678 225 1689 .
258 1623 372 1698 landa
389 1631 418 1696 8ι
436 1615 686 1710 destruenda,
714 1625 835 1717 quivis
855 1625 984 1718 homo,
1012 1627 1080 1716 qui
1098 1625 1255 1701 simula-

260 1751 414 1798 crorum
431 1729 557 1796 cultus
569 1727 729 1824 testibus
743 1729 937 1797 convictus
952 1725 1094 1815 fuerit,
1109 1727 1255 1822 relega-

258 1829 373 1898 tionis
406 1851 521 1920 poena
547 1830 764 1912 mulctator.
817 1828 1008 1920 Quoniam
1028 1819 1161 1896 autern
1189 1829 1271 1896 ho·-

259 1931 405 2017 mines,
445 1930 512 2019 qui
537 1929 800 2020 praedicationi
823 1928 1023 2020 religionis
1039 1929 1253 2006 christianae

260 2031 428 2100 maxime
442 2043 533 2102 sunt
549 2029 752 2118 adversati,
783 2028 847 2098 vix
860 2029 1065 2114 intellectu
1081 2051 1254 2120 compre-

258 2131 453 2220 hendunt,
482 2150 697 2223 congruens
715 2151 813 2219 esse,
840 2152 973 2200 omnes
987 2130 1056 2222 qui
1071 2129 1114 2199 in
1126 2133 1253 2200 lucem

261 2231 356 2301 editi
381 2232 528 2301 fuerint
560 2229 724 2301 infantes
756 2234 878 2321 alere,
919 2243 1000 2300 tam
1035 2253 1252 2322 pauperum

173 2412 178 2431 ,
260 2357 377 2423 quam
399 2333 581 2418 divitum,
606 2353 667 2402 eas
681 2345 811 2402 autem
826 2333 1001 2422 res,quae
1012 2331 1060 2399 ad
1072 2331 1251 2401 alendum

169 2453 171 2460 ¹
231 2427 670 2525 ·populrunmaximum
681 2425 922 2502 momentum
932 2432 1121 2521 habeant,
1140 2453 1250 2522 repu-

260 2536 367 2602 diare
390 2549 430 2605 et
453 2545 598 2606 vetare:
617 2534 720 2602 *ideo
745 2534 894 2604 dabitur
913 2532 995 2622 his,
1021 2547 1067 2601 ut
1087 2535 1251 2624 antiquo

259 2638 364 2728 leges
376 2636 422 2704 de
437 2635 674 2725 expositione
683 2634 873 2732 infantum
888 2641 1003 2703 et'esu
1014 2637 1138 2703 carnis
1148 2635 1250 2724 equi·

259 2761 319 2806 nae
339 2739 529 2825 maneant,
558 2751 597 2804 et
612 2728 847 2822 clamli‘cere'
858 2735 947 2804 deos
964 2737 1113 2824 colere,
1140 2735 1248 2804 sites-

259 2836 359 2924 tibus
388 2838 542 2927 probari
566 2851 744 2927 nequeat.
808 2837 870 2906 sic
892 2858 1048 2928 quoque
1076 2837 1279 2905 omnibus.

260 2937 396 3026 ceteris
413 2936 579 3028 antiquis
597 2939 755 3032 'legibus
779 2951 953 3038 utemur,
987 2937 1073 3028 quie
1096 2935 1248 3028 quidem

260 3039 540 3132 christianismo
559 3053 638 3108 non
654 3051 786 3130 aperte
800 3051 1026 3132 repugnent.
1071 3037 1246 3132 Thorger

259 3139 313 3207 sic
333 3141 507 3208 oratione
532 3139 733 3209 defunctus
751 3154 827 3227 est,
853 3153 899 3208 ut
917 3161 1050 3211 omnes
1070 3161 1164 3228 quas
1188 3159 1245 3206 ro·
1313 3165 1314 3180 ¹

259 3255 414 3334 gaverat
438 3238 545 3333 leges
562 3239 845 3332 collaudarent,
889 3257 1037 3330 nempe¹
1055 3238 1248 3308 neminem

149 3382 152 3388 =
257 3339 446 3431 impedire
479 3339 600 3408 alium
629 3340 790 3431 debere,
837 3365 914 3432 quo
938 3341 1069 3410 minus
1094 3339 1245 3408 Christo

257 3433 544 3514 tam'benevole
566 3441 682 3531 quarn
704 3456 862 3533 cuperet
910 3441 1066 3532 uisque,
1093 3463 1245 3533 operam
1312 3481 1313 3484 =

196 3573 200 3581 ·
259 3543 388 3628 daret,
425 3539 533 3636 [sunt
557 3564 711 3634 quoque
734 3464 929 3652 (etlinicil)
967 3539 1085 3632 prisci
1124 3545 1244 3610 cultus

259 3643 553 3712 consuetudines
570 3645 681 3712 lirrno
696 3645 834 3712 robore
850 3643 973 3733 plenae
990 3637 1242 3712 dontentiouis

259 3741 417 3813 omnino
434 3743 641 3837 abrogatae,
664 3745 742 3812 etsi
758 3744 886 3836 primo
909 3743 956 3812 ad
970 3742 1241 3833 baptismum&

259 3842 514 3916 christianum
551 3865 695 3914 nomen
724 3843 1011 3934 suscipiendum
1046 3843 1167 3938 magis
1200 3841 1239 3908 vi

258 3943 382 4014 coacti
403 3957 547 4034 essent,
572 3965 690 4036 quam
712 3947 859 4020 sincero
875 3941 937 4014 dei
950 3965 1081 4014 amore
1096 3957 1136 4014 et
1155 3963 1240 4036 pro-

257 4129 530 4149 m

263 4238 291 4308 ¹)
304 4253 379 4292 antea
394 4259 447 4291 non
462 4239 622 4311 baptizatus,
644 4216 706 4294 add.
720 4243 752 4296 ll.
769 4241 800 4298 G.
