2640 4682
349 339 466 463 42¹*
640 357 931 452 ‘m
1002 461 1006 466 ,
1111 383 1259 456 'istc

86 631 92 649 ·
193 597 198 602 ’
287 599 459 675 consiliis
479 581 729 692 prospiceret.
791 597 1265 675 1ὈιιιιιοῙιοίιοιιιιιιιιιιιι

273 706 469 796 'frequens
482 701 590 768 adest
603 697 809 768 hom-inum
821 699 1052 790 multitudo,
1080 702 1138 781 ita
1152 708 1262 776 multo

238 807 241 814 '
285 803 525 897 frequentior
542 799 985 871 comitiisFrostensibus
1009 802 1115 877 coiit.
1143 810 1266 884 Tum

104 899 106 908 ’
167 923 179 932 ·
284 908 415 995 vobis,
453 903 513 972 uti
537 923 662 992 nunc,
701 922 818 969 novos
843 901 953 985 ritus
957 924 1177 997 novamque
1191 909 1265 976 reb

285 1010 442 1105 gionem
451 997 647 1097 proposui,
667 1013 718 1070 ut
728 1021 870 1092 nempe
889 1003 1038 1073 diabolo
1049 1006 1265 1098 obsequium

201 1113 214 1124 ““
281 1103 584 1194 renunciaretis,
621 1101 727 1188 omni
750 1103 831 1190 ejus
855 1104 1070 1174 ministerio
1091 1111 1263 1200 cultuque

256 1233 258 1240 ’
281 1210 580 1282 simulacrorum
593 1181 789 1296 deposito,
814 1184 904 1275 reio
921 1205 1146 1299 autemdeo,
1172 1231 1263 1279 crea·

282 1312 360 1386 tori
381 1326 556 1379 ommum
566 1327 720 1393 rerum,
742 1303 859 1374 fidem
873 1285 1065 1376 haberetis
1075 1333 1307 1416 ,eumque

156 1484 161 1494 ,
228 1451 231 1456 -
281 1436 380 1514 puro
399 1408 513 1480 corde
536 1401 725 1476 coleretis.
762 1405 928 1479 Vixdum
946 1403 1042 1477 fari
1037 1431 1262 1500 orsuseram,
1306 1443 1307 1488 ι

282 1539 373 1590 cum
381 1533 465 1599 vos
480 1505 645 1602 excitato
660 1507 835 1576 tumultu
847 1521 885 1576 et
896 1507 1140 1602 clamoribus,
1156 1537 1263 1603 quen·

267 1618 372 1695 'darn
392 1595 525 1683 vestrae
549 1606 726 1676 factionis
755 1608 992 1702 ειι1ι1ιιοὶειίε,
1035 1611 1104 1702 qui
1133 1612 1263 1684 diaboli

280 1712 485 1790 mandata
476 1735 517 1784 ιιι
530 1731 593 1800 me
607 1720 815 1800 peroraret.
872 1707 990 1804 Cujus
1007 1715 1245 1784 conventus
1235 1737 1262 1782 ιι

274 1818 405 1908 exitus
420 1813 517 1903 fuit,
553 1811 755 1898 ,ut-locum
777 1809 942 1880 coeundi
965 1811 1116 1900 Moeriae
1143 1814 1261 1901 condi-

279 1920 466 1995 seramus
485 1980 488 1988 ,
526 1911 601 1984 Hic
623 1911 785 1980 eandem
807 1934 910 2001 rem,
945 1912 1101 2005 meique
1126 1914 1261 1996 domini

278 2019 470 2107 mandata,
487 2014 529 2087 in
543 2012 718 2084 omnium
730 2024 907 2098 nostrum
923 2014 1089 2100 salutem
1104 2030 1144 2098 et
1157 2018 1260 2086 mise·

278 2119 497 2207 ricordiam,
523 2113 671 2208 peregi,
698 2111 730 2182 si
740 2111 839 2184 forte
859 2111 961 2213 dicto
979 2115 1177 2188 audientes
1187 2140 1258 2186 esse

241 2231 243 2238 “
269 2221 455 2308 velletis,
481 2239 546 2304 vos
560 2229 692 2292 autem
711 2227 750 2291 et
765 2228 892 2306 vester
908 2219 1130 2304 oratorem
1144 2219 1262 2294 multo

277 2322 499 2418 audaciores
525 2331 565 2387 et
582 2317 634 2408 1ιι
659 2295 955 2410 contradicendo
976 2319 1256 2409 petulantiores,
1304 2359 1306 2394 J

278 2447 395 2518 quam
417 2435 552 2518 antea,
582 2391 695 2508 iacti,
719 2441 800 2507 me,
826 2417 934 2502 utad
951 2418 1259 2506 deorumcultum
1305 2439 1306 2518 1

116 2547 143 2556 ”
223 2538 227 2542 ’
273 2525 462 2612 redirem,
508 2519 671 2608 hortati,
702 2532 765 2587 ut
782 2519 929 2609 prius,
958 2519 1067 2613 estis,
1092 2523 1256 2614 exemplo

273 2623 446 2714 Haboni
453 2623 550 2694 Adal
552 2620 685 2693 steinis
711 2620 860 2702 alumni
888 2620 963 2712 usi,
978 2643 1059 2710 non¹
1074 2643 1255 2712 posseme,

244 2737 248 2752 “
274 2728 369 2824 quin
383 2726 465 2812 ejus
480 2721 709 2839 exemplum
727 2743 919 2831 sequerer.
981 2699 1075 2794 Eiet
1093 2745 1181 2794 sane
1197 2743 1255 2792 rex

234 2894 237 2902 ,
254 2825 500 2918 ,Hakonus
466 2847 523 2894 ιιι
541 2823 691 2910 eximiae
705 2804 991 2912 pulcritudinis,
1002 2835 1147 2893 statura
1157 2845 1254 2918 gran

274 2927 351 3019 dis,
379 2930 515 3000 robore
531 2927 690 3039 valens,
704 2923 930 3036 plerosque
926 2924 1104 2999 omnibus
1122 2926 1252 2996 artibus

272 3032 520 3120 antecellens,
529 3048 676 3120 quique
687 3036 768 3094 toto
780 3045 950 3114 corporis
959 3024 1094 3094 habitu
1102 3040 1250 3117 patrem,

271 3149 406 3229 regem
422 3130 667 3214 Haraldum,
681 3123 849 3196 maxime
871 3124 1053 3214 referret3
1080 3141 1251 3221 praeterea

271 3232 357 3320 jure
369 3231 521 3324 paterni
538 3226 688 3323 generis
712 3237 751 3294 et
772 3223 913 3296 harum
936 3226 1114 3301 omniurn
1134 3248 1251 3298 rerum

186 3375 188 3384 ι
271 3333 387 3406 titulo
405 3333 566 3425 dignus,
594 3351 661 3420 qu1
674 3348 743 3396 rex
765 3325 964 3419 Norvegiae
989 3340 1100 3399 esset.
1157 3325 1248 3401 Nihil

271 3455 361 3506 vero
385 3435 527 3506 horum
543 3427 650 3505 laudi
674 3426 755 3512 ejus
773 3425 961 3516 tribuitis,
990 3440 1030 3496 et
1052 3427 1093 3498 id
1107 3429 1247 3520 quidem

208 3584 216 3594 ι
270 3549 394 3624 recte,
421 3531 571 3604 namin
588 3529 669 3616 ejus
687 3526 843 3596 arbitrio
853 3527 1066 3618 nonposrta
1080 3543 1178 3626 sunt,
1192 3525 1245 3597 sed

222 3622 234 3633 „
270 3660 295 3706 a
320 3635 390 3720 deo
418 3634 682 3748 omnipotente
699 3628 844 3703 tributa
866 3642 905 3697 et
924 3627 1152 3721 conititut'a,
1190 3624 1242 3718 qui
1304 3689 1305 3692 ,

270 3736 389 3806 etiam
423 3735 460 3803 ei
490 3732 669 3805 notitiam
704 3729 826 3799 sancti
854 3721 914 3798 sui
940 3729 1108 3822 nominis
1144 3727 1305 3814 dedit,

269 3857 437 3928 eumque
463 3835 622 3927 insuper
647 3832 853 3904 excelsum
865 3830 1085 3950 principem
1105 3829 1239 3924 regnis
1304 3797 1305 3920 1

198 3991 204 4008 2
268 3953 402 4030 patre
395 3935 522 4006 relicti
541 3932 774 4026 constituit,
784 3945 823 4000 et
833 3954 907 4025 pro
924 3925 1063 4002 lubitu
1066 3933 1166 4004 bene
1176 3949 1238 4003 ma
1304 3927 1305 3982 l

270 4041 354 4108 leve
369 4022 507 4129 agendi
519 4037 687 4106 liberum
701 4019 923 4123 arbitrium,
946 4046 991 4102 ut
1001 4035 1146 4118 caeteris
1157 4051 1238 4102 mo

270 4133 432 4225 talibus,
471 4135 507 4202 ei
528 4135 725 4210 concessit.
779 4138 865 4229 Qua
889 4157 931 4212 re
952 4158 1065 4226 eum,
1093 4158 1156 4228 qui
1145 4133 1236 4200 haec

183 4233 191 4252 '
265 4236 476 4323 concessit,
522 4233 807 4313 remunerabit?
873 4235 1108 4310 Vos-coloni
1132 4253 1234 4305 exem·
