2628 4678
34 647 150 720 licrscr
162 645 391 742 cogitarent,
411 643 585 756 nondum
610 644 714 717 enim
737 649 900 720 mutatio
925 646 1030 744 prin·
1060 665 1061 672 ’
1086 669 1088 684 ’

34 752 162 843 cipum
182 752 229 819 ad
243 771 351 821 aures
374 739 509 816 eorum
525 765 756 836 pervenerat
810 751 934 864 Prope
950 750 1029 819 Sel·

31 851 107 937 jam
127 845 406 942 praetervecti1,
443 839 613 937 (publico
640 849 745 918 enirn
773 850 900 921 cursui
926 849 1028 934 adja-

34 950 127 1045 cet),
152 975 241 1020 curn
258 947 611 1035 animadverterent,
629 949 873 1050 splendidum
892 967 930 1020 et
943 945 1030 1043 pul·

33 1074 142 1122 crum
166 1054 302 1122 lumen
326 1069 373 1116 ex
396 1047 531 1116 coelo
521 1069 563 1114 m
589 1073 694 1118 mare
721 1073 840 1143 prope
862 1052 1031 1122 insulam

31 1151 139 1241 ferri,
167 1153 277 1239 cujus
294 1139 426 1242 fulgor
440 1147 488 1218 ad
503 1161 644 1219 terram
659 1151 892 1242 pertinebat,
925 1175 1030 1244 spec·

30 1255 149 1323 taculi
167 1249 356 1321 miraculo
371 1249 515 1341 capti,
519 1273 658 1319 navem
678 1249 727 1320 ad
751 1268 893 1345 terram
910 1276 1029 1345 appu·

33 1354 184 1444 lerunt,
207 1350 278 1428 soli
301 1364 479 1419 naturam
503 1351 726 1440 scrutaturi,
760 1376 837 1443 quo
861 1355 947 1424 loco
962 1353 1029 1424 hic
1100 1395 1103 1406 ·

1 1464 2 1467 ’
30 1455 155 1524 radius
181 1450 413 1546 splendebat
467 1450 639 1546 Egressi
628 1475 670 1522 m
684 1452 872 1542 insulam,
911 1475 1031 1555 prope

31 1581 49 1624 a
78 1556 206 1644 mari,
242 1550 511 1644 eoipsoloco,
551 1550 620 1619 ubi
659 1553 792 1624 lumen
826 1577 1031 1647 conspexe-

31 1672 134 1745 rant,
169 1667 287 1746 caput
309 1651 565 1722 humanum
553 1669 804 1744 mvenerunt,
841 1657 968 1726 nitore
991 1667 1032 1724 et

32 1758 151 1852 gratia
186 1753 458 1845 conspicuum
492 1777 583 1823 cum
614 1777 704 1824 vero
738 1772 921 1848 preterea
946 1779 1031 1826 sua·

31 1883 113 1928 vem
140 1858 326 1927 sentirent
347 1853 525 1942 odorem,
560 1855 713 1944 qualern
735 1869 937 1948 nunquam
964 1855 1031 1925 eir·

31 1973 85 2027 tea
110 1955 469 2054 animadverterant,
483 1954 578 2042 etsi,
607 1955 860 2048 paganicum
894 1971 1029 2045 essent,

32 2081 104 2128 non
115 2056 398 2150 intelligerent,
424 2054 516 2146 qui'd
531 2054 609 2123 sibi·
622 2056 736 2141 vellet
757 2058 852 2127 odor
867 2057 934 2126 ille
951 2057 1029 2127 exi·
1083 2149 1085 2156 Ι

32 2161 142 2244 ιιιίιιε,
166 2160 222 2228 rei
243 2155 444 2227 insolentia
464 2155 641 2246 permoti,
675 2151 791 2249 capnt
813 2155 1032 2229 reverenter

33 2261 289 2343 sustulerunt,
316 2279 412 2351 puro
427 2277 552 2348 penno
569 2255 811 2329 involverunt
829 2276 868 2330 et
897 2281 1030 2331 secum

33 2361 286 2448 abstulerunt,
321 2376 365 2428 ut
395 2356 444 2428 ad
464 2357 666 2426 Halonem
689 2357 882 2452 dynastem
909 2359 972 2430 dei
972 2382 1030 2429 er·

33 2477 133 2548 rent,
163 2483 280 2554 quem
293 2458 474 2551 septenne
486 2480 571 2545 sua,
607 2457 700 2549 quid
726 2459 801 2530 hoc
826 2461 1030 2553 portende·¹

32 2577 103 2650 ret,
129 2561 422 2632 intellecturum
437 2551 650 2651 putabant..
687 2561 864 2635 Deinde
853 2575 926 2632 iter
944 2585 1030 2655 per-

33 2677 238 2753 sequentes,
262 2684 351 2730 eum
373 2661 528 2728 boream
543 2682 669 2730 versus
693 2660 853 2738 Stadum
875 2678 1030 2756 praeter·

32 2762 124 2831 vecti
145 2778 284 2852 essent,
316 2775 565 2875 acceperunt,
599 2761 800 2832 Hakonem
835 2762 1030 2855 dynastam

33 2860 276 2933 interfectum
292 2881 392 2948 esse,
413 2863 493 2948 ejus
511 2883 597 2930 vero
611 2862 732 2932 loco
720 2864 932 2957 imperium
951 2887 1029 2933 sus·
1127 2915 1130 2923 ι

2 3039 4 3043 f
36 2965 175 3056 cepisse
192 2984 390 3058 egregium
398 2979 548 3054 regem,
562 2962 727 3032 Olavunr
746 2966 1013 3060 Tryggviili
956 2965 1030 3034 fili·
1082 3055 1084 3062 1
1137 2964 1142 2982 ’

35 3087 117 3147 um3
149 3064 212 3135 illi
232 3062 357 3134 nihilo
375 3063 495 3133 secius
516 3064 942 3154 perseverarunt,›hun'c
958 3087 1028 3134 no·

35 3187 121 3232 vum
163 3187 294 3260 regem
326 3161 570 3251 conventuri,
609 3166 717 3260 cujus
748 3165 960 3236 bonitatem
977 3179 1030 3236 'et

35 3265 354 3358 magnificentiam
370 3285 604 3357 magnopere
619 3264 819 3358 praedioari
842 3280 1030 3362 cognove*

36 3384 130 3434 runt.
185 3355 321 3458 Itaque
353 3364 489 3436 itinere
530 3387 609 3434 non
626 3427 629 3433 a
644 3366 752 3458 prius
792 3366 1029 3462 destiterunt,

38 3487 145 3554 quam
163 3465 317 3537 boream
336 3461 464 3538 versus
480 3465 619 3536 Hledas
639 3467 687 3537 ad
708 3489 839 3563 regem
867 3468 1030 3538 olavum

37 3566 294 3682 pervenissent,
305 3567 371 3659 qui
388 3589 452 3636 eos
464 3587 604 3659 magna
619 3567 801 3638 comitate
805 3568 1031 3660 excepit,si

37 3669 159 3736 mulae
176 3669 300 3758 novit,
328 3668 484 3760 quinem
507 3684 639 3738 essent.
702 3675 798 3746 Mox
822 3669 900 3739 illis
922 3691 1029 3740 sanc

37 3779 109 3835 tam
124 3765 238 3838 fidem
256 3769 485 3839 annunciare
503 3768 628 3864 coepit,
655 3787 693 3839 et
703 3786 853 3884 petere,
880 3786 926 3840 ut
939 3770 1030 3863 bap·

37 3867 142 3959 tismq
160 3867 300 3964 initiari
317 3861 505 3940 sinerent.
533 3870 685 3958 quodsi
699 3872 807 3986 jussu
823 3893 910 3942 meo
937 3869 1029 3940 faci·

39 3966 93 4052 tis,
123 3966 174 4037 eit
189 3991 266 4056 rev,
299 3995 362 4040 me
391 3969 619 4040 amicissimo
652 3971 835 4042 invicem
842 3971 1029 4055 utemini,

39 4065 112 4150 illi,
155 4091 236 4140 rem
264 4070 381 4141 haud
395 4070 674 4160 detractantes,
708 4071 956 4166 significant,
990 4094 1029 4140 se
1044 4136 1049 4151 ,,

42 4165 203 4239 officium
218 4195 328 4241 suurn
340 4173 375 4250 ei
382 4172 569 4250 lubenter
584 4162 809 4246 delaturos.
844 4171 944 4242 Cum
960 4170 1029 4242 ali·
1076 4241 1080 4248 .

90 4297 128 4368 ¹)
150 4303 198 4353 et
189 4321 218 4354 ιιι
235 4299 378 4356 Ulissunda
396 4301 476 4374 (freta
486 4302 566 4376 Ulli)
582 4303 776 4376 pervenientes,
791 4299 862 4354 adit.-
870 4299 903 4355 F.
