2718 4680
77 351 255 445 ona-14
438 377 702 422 ········
933 367 992 456 21

25 626 29 683 ς
72 594 145 686 dos,
177 597 302 667 talem
320 591 554 684 peremnia,
585 595 707 688 qualit
721 593 848 668 fuerat
866 595 1055 669 Haraldue

71 698 337 780 Pulcricomus,
354 692 430 762 hoc
445 713 522 763 uno
540 711 713 788 excepto,
738 696 841 788 quod
855 699 956 768 cives
971 699 1053 766 uni-

74 819 177 869 versos
190 800 233 868 vi
249 811 291 866 et
306 793 491 864 servitute
505 797 950 888 oppresseratHaraldus,
964 819 1055 868 cum

75 899 212 991 singulis
228 895 413 968 omnibus
428 895 525 964 bene
551 911 710 988 cuperet
727 898 790 968 hic
807 899 966 986 Hakon,
992 917 1053 968 co-

74 999 151 1069 lonis
163 997 439 1083 haerediorum,
452 993 588 1086 quibus
596 1019 659 1069 eos
673 999 884 1089 privaverat
900 1021 966 1068 rex
976 999 1054 1070 Ha-

73 1095 199 1188 raldus,
222 1097 513 1168 restitutionem
529 1097 735 1188 pollicitus.
778 1097 960 1170 Omnium
974 1100 1054 1170 ani-

17 1283 18 1288 ,
70 1222 136 1268 mos
151 1201 291 1299 gaudio
312 1195 490 1286 implevit
510 1197 629 1284 hujus
647 1201 703 1268 rei
721 1199 915 1287 nuntius„
936 1201 982 1271 ab
998 1199 1052 1269 al-

70 1311 136 1368 tero
153 1301 267 1372 alteri
283 1297 467 1387 traditus,
492 1299 558 1389 qui
574 1299 673 1391 ignis
688 1300 825 1390 instar,
857 1302 955 1370 sicca
970 1322 1053 1396 gra·

71 1401 156 1472 nina
171 1399 432 1492 depascentis,
463 1399 653 1470 orientem
669 1423 798 1471 versus
825 1398 873 1470 ad
895 1399 1055 1472 ultimo·

69 1503 160 1595 regni
179 1502 327 1572 limites
348 1498 511 1569 volabat.
578 1503 778 1572 Hakonem
800 1520 934 1594 regem
958 1521 1050 1572 mox

70 1599 177 1672 adiere
200 1597 502 1695 Upplandorum
524 1598 701 1694 plurimi,
739 1600 885 1694 legatos
910 1601 1049 1674 misere

71 1700 140 1790 alii,
165 1705 231 1776 alii
246 1701 411 1770 nuntios
434 1707 672 1792 etstesseras,
701 1714 884 1772 testantes
905 1721 1048 1790 omnes,

75 1805 146 1871 saei
158 1804 273 1874 fidem
283 1823 398 1872 suam
412 1822 490 1872 etse
500 1801 734 1898 addictum,
748 1823 842 1898 quos
853 1801 922 1874 ille
939 1815 1047 1894 grato

78 1902 181 1973 ‘annno
195 1902 360 1993 accepit
962 1973 969 1982 ,
1047 1885 1071 1934 ·’

334 2004 482 2074 Hakon
507 2027 575 2075 rea
600 2016 766 2076 creatus.
827 2079 832 2096 Ι
946 2069 953 2082 ,

112 2101 189 2195 Cap.
207 2112 264 2177 141.
282 2104 414 2174 'Initio
430 2091 566 2176 hiemis
580 2127 648 2173 rex
665 2106 803 2177 Halon
818 2104 859 2174 in
876 2103 1047 2196 upplan,

73 2196 108 2270 da
117 2205 327 2292 proiectus,
349 2203 504 2274 comitia
519 2203 575 2275 ibi
591 2204 744 2294 indixit,
770 2206 818 2279 ad
835 2229 952 2296 quem
967 2227 1046 2274 om·
1072 2237 1076 2248 ·

74 2323 122 2372 net
133 2316 394 2394 convenere1,
409 2313 411 2319 '
425 2305 563 2396 quibus
584 2307 712 2376 venire
733 2309 930 2398 integrum
944 2319 1045 2391 erat,

61 2399 102 2468 ‘in
114 2407 259 2477 cunctis
271 2405 378 2476 hisce
398 2406 559 2477 comitiis
572 2429 640 2476 rex
654 2420 807 2478 ’creatus
827 2419 892 2476 est
927 2407 987 2475 Sic
1003 2407 1045 2478 iu

16 2582 19 2591 ¹
70 2503 195 2577 Villam
220 2529 348 2598 usque
372 2507 585 2596 pertendit,
607 2508 694 2577 ¹ubi
719 2531 808 2578 eum
829 2529 1045 2578 convenere
1128 2592 1133 2606 ἱ

68 2601 150 2678 illius
163 2608 211 2678 de
239 2605 421 2678 fratribus
441 2603 618 2699 nepotes,
639 2609 865 2701 -Tryggvius
883 2619 921 2676 et
940 2608 1046 2679 Gud·
1088 2649 1093 2658 -

67 2705 180 2798 iidus,
214 2707 411 2798 multique
427 2707 503 2796 alii,
527 2710 593 2801 qui
613 2709 769 2800 injurias
786 2709 1042 2798 recensebant,

69 2808 183 2894 quibus
202 2831 269 2878 eos
283 2809 462 2880 affecerat
475 2809 873 2902 fraten·ajuaEiaikus.-
902 2809 1045 2881 Odium
1084 2885 1089 2893 ,

65 2901 284 3004 inEirikum
301 2931 345 2978 eo
367 2909 485 3002 magis
499 2909 636 2999 crevit,
667 2931 744 3001 quo
768 2908 888 3003 magis
910 2933 1044 2980 omnes

64 3010 258 3079 amicitiam
288 3009 457 3082 Hakonis
480 3010 697 3100 captabant,
734 3023 773 3080 et
794 3031 871 3102 quo
896 3011 1043 3098 majora

65 3126 137 3180 cum
157 3111 474 3201 libertate,.quae
500 3111 639 3202 cuique
661 3109 877 3201 libuissent,
910 3112 1043 3201 loque·

63 3203 210 3289 bantur(
240 3207 497 3305 Haliourogia
513 3211 669 3282 nomina
684 3209 787 3280 dedit
795 3214 986 3305 Tryggvio
1004 3227 1043 3282 et

64 3305 253 3399 Gudrbdo,
279 3329 493 3404 regnaque,
518 3312 662 3405 ¹quibus
684 3325 809 3402 patres
825 3333 961 3384 eorum
977 3313 1042 3382 do·

62 3425 201 3483 navarat
213 3413 510 3496 rexpflaraldus:
543 3412 737 3507 Tryggvio
759 3413 979 3484 Raurikiam
1003 3423 1065 3486 et·
1091 3431 1095 3438 ·

63 3507 395 3604 Vingulmarkam,'
422 3513 603 3584 Gu'drbdo
633 3511 883 3584 Vestioldiam,
915 3511 1039 3600 dedit3
1081 3529 1088 3540 '

63 3613 201 3702 quibus,
240 3613 343 3704 quod
358 3611 524 3704 puerilia
533 3627 643 3684 erant
659 3613 788 3684 aetatis
810 3628 850 3682 et
876 3614 1040 3686 consiliis

63 3707 254 3800 immaturi,
268 3715 370 3784 viros
384 3713 572 3805 adjunxit,
580 3713 805 3785 auctoritate
821 3727 859 3784 et
874 3715 1039 3807 pruden-

63 3811 104 3880 tia
117 3812 290 3908 insignes,
305 3816 373 3910 qui
386 3817 605 3886 unacum-iio
620 3815 907 3906 rempublicam
923 3815 1039 3888 admiss

63 3913 256 3986 nistrarent.
319 3909 640 4006 'Hanoditiouam
663 3915 739 3985 illis
764 3916 914 4004 eadem,
954 3941 1037 4009 quae

63 4013 142 4083 olim
155 4015 298 4105 fuerat,
329 4014 546 4086 conditione
564 4017 762 4103 attribuit,
795 4031 838 4086 ut
852 4039 982 4088 sensus
1000 4032 1038 4088 et

64 4111 182 4192 tributa
206 4142 300 4190 cum
319 4118 404 4208 ipso
421 4139 466 4186 ex
483 4140 591 4214 aequo
605 4117 942 4190 communibaien't.
1038 4134 1042 4141 ·

63 4216 314 4241 —Q—-fl

96 4250 120 4316 ¹)
137 4256 273 4318 mutiero,
300 4249 337 4301 G.
384 4319 393 4342 N
447 4249 449 4254 '
