2640 4682
33 389 139 457 1890·
367 357 640 450 ····.-...=.'··-.··

31 609 85 662 tus
98 617 202 683 sum,
238 604 353 685 quam
372 597 413 666 in
427 571 625 666 hominem
640 596 889 688 peregrinum
905 599 1013 668 cade-

33 718 69 760 re
88 716 197 784 posse
210 697 448 784 viderentur,
477 699 612 767 eodem
626 695 706 766 fere
722 697 835 766 modo
851 721 892 766 ac
908 714 952 778 tu
965 703 1012 769 ab

30 796 188 865 Hakono
202 813 362 888 satrapa.
417 786 699 870 Nunc'tandem
714 818 758 864 eo
776 820 837 866 res
851 799 1013 870 adducta

30 911 97 984 est,
134 912 181 965 ut
196 900 350 989 utrique
362 913 556 988 nostrum,
579 921 661 990 pro
682 895 798 990 longa
822 891 1012 991 prosperi-

29 998 107 1066 tatis
128 1012 168 1066 et
179 1000 335 1071 honoris
351 999 569 1086 amissione,
595 997 827 1092 patrimonia
844 1012 883 1068 et
896 995 1023 1092 patri·-¹

28 1121 61 1165 as
89 1101 454 1192 recuperaverimus.
517 1101 701 1170 Omnium
727 1121 817 1168 vero
846 1103 1012 1172 maxime
1069 1151 1075 1158 -

29 1221 66 1265 ea
82 1198 127 1267 de
151 1223 284 1292 causa,
306 1200 409 1292 quod
423 1201 549 1270 audivi
574 1215 613 1270 te
634 1221 835 1290 nunquam
859 1175 1025 1272 simnia-¹

28 1322 82 1367 cra
101 1303 275 1392 coluisse,
302 1324 409 1370 more
424 1304 589 1371 aliorum
604 1302 866 1390 ethnicorum,
891 1303 933 1372 in
945 1305 1012 1373 bo-

27 1423 68 1468 na
90 1425 175 1470 sum
198 1420 285 1494 spe,
327 1402 429 1492 fore,
464 1417 509 1470 ut
538 1393 708 1472 excelsus
728 1393 1009 1492 ooelorumreri,
1081 1391 1085 1402 ⁵

28 1515 168 1570 creator
187 1505 362 1572 omniurn
385 1525 533 1592 rerum,
560 1517 600 1571 te
615 1502 662 1572 ad
680 1503 856 1572 notitiam
872 1506 1012 1574 excelsi

18 1605 77 1670 *sut
86 1606 264 1693 nominis,
274 1605 365 1672 etad
374 1603 665 1695 sanctamfidem
677 1603 1011 1674 meisadhortatio-

26 1704 332 1796 nibusperducat,
351 1704 522 1796 mihique
531 1705 679 1774 socium
688 1701 801 1772 faciat
814 1725 914 1773 verat
922 1706 1010 1774 reli-

27 1805 149 1894 gionis‚
159 1805 484 1896 quemadmodum
498 1805 683 1896 aequalem
689 1805 837 1892 robore,
847 1806 935 1874 artis
945 1828 1011 1873 na·

26 1917 194 1999 turaeque
206 1907 331 1994 bonis,
352 1907 508 1998 aliisque
523 1905 798 1996 multiplicibus
807 1903 1010 1994 beneficiis,

28 2008 181 2094 quaetibi
191 2006 392 2084 sicutmihi
407 2009 523 2100 longo
533 2007 1008 2096 antetemporeconcessit,

27 2129 132 2194 quam
149 2109 271 2176 ullam
290 2110 419 2201 gloriae
435 2131 511 2179 suae
527 2107 704 2176 notitiam
718 2105 848 2176 habui.
901 2102 1011 2179 Idem

27 2207 84 2273 ille
97 2209 338 2297 omnipotens
350 2208 440 2278 deus
456 2208 561 2295 faxit,
577 2219 621 2276 ut
635 2219 675 2275 te
691 2204 738 2276 ad
750 2219 881 2276 veram
893 2205 1010 2275 fidem

27 2307 239 2396 adducere,
254 2310 410 2400 ejusque
435 2308 847 2395 ministeriosubjicere
858 2329 1008 2398 queam,

27 2421 65 2474 ut
83 2401 238 2498 exinde,
271 2410 387 2500 ipsius
400 2409 603 2498 beneficio,
639 2430 805 2498 meoque
830 2409 1007 2498 exemplo

28 2522 60 2572 et
73 2509 354 2598 adhortatione,
391 2533 522 2606 ornnes
543 2511 613 2579 tibi
640 2510 829 2597 subjectos
854 2508 902 2577 ad
927 2509 1009 2595 ejus

29 2609 180 2697 gloriam
194 2605 404 2702 perducere
419 2612 546 2702 possis,
574 2609 676 2702 quod
690 2608 867 2678 futurum
881 2631 1005 2700 spero.

29 2710 81 2776 Tu
95 2735 262 2802 quoque,
293 2714 328 2787 si
345 2713 439 2816 meis¹
461 2713 635 2798 monitis,
671 2725 760 2802 quae'
778 2711 867 2800 jam¹
881 2711 1005 2798 attuli,

30 2809 176 2902 obsequi
205 2813 352 2902 deoque
378 2815 524 2881 sincera
544 2811 617 2880 fide
636 2825 851 2881 constanter
864 2811 1006 2908 servire

28 2911 191 3000 volueris,
208 2915 413 2984 amicitiam
429 2927 466 2981 et
475 2911 663 2983 honoram
679 2935 700 2978 a
717 2935 780 2980 me
800 2935 1006 3002 conseque-

29 3009 86 3098 ris,
113 3014 282 3104 quamvis
303 3015 416 3082 nihili
430 3015 478 3082 sit
486 3035 563 3104 prae
577 2997 645 3082 illo
663 3011 809 3081 honore
827 3027 867 3080 et
886 3009 1006 3081 felici-

28 3121 118 3202 tate,
148 3137 265 3204 quam
287 3115 527 3206 omnipotens
555 3113 647 3182 deus
661 3126 770 3203 pater
786 3111 858 3181 tibi
872 3133 1006 3183 conce-

30 3207 100 3299 det,
135 3228 181 3282 ut
204 3215 319 3284 cuivis
344 3216 428 3307 alii,
472 3215 540 3305 qut
558 3212 743 3284 beneficio
772 3212 894 3284 sancti
924 3210 1006 3298 ejus

27 3313 167 3397 spiritus
182 3331 370 3406 praecepta
389 3317 470 3405 ejus
484 3316 675 3403 observat,
703 3335 842 3404 nempe
857 3327 901 3380 ut
917 3333 1007 3380 cum
1028 3387 1031 3401 Ι
1093 3363 1096 3370 .

30 3408 118 3484 dulci
141 3437 210 3484 suo
225 3415 323 3507 filio,
357 3437 450 3510 rege
465 3417 637 3485 omniurn
653 3435 807 3510 regum,
841 3414 1005 3482 inaeter-

29 3529 110 3584 num
125 3529 263 3608 regnet
283 3520 322 3588 in
343 3511 545 3586 celsissima
563 3518 674 3607 regni
693 3515 853 3584 coelestis
869 3514 1002 3606 gloria.

31 3609 187 3685 Cumrex
204 3617 321 3688 finem
338 3617 487 3686 dicendi
498 3617 670 3704 fecisset,
698 3614 928 3708 Sigmundus
947 3615 1005 3689 in.-

29 3707 79 3778 fit:
104 3723 240 3786 notum
263 3720 333 3788 tibi
351 3733 425 3809 est,
454 3715 622 3787 domine!
645 3717 753 3806 >quod
769 3718 810 3784 in
832 3716 1004 3784 oratione

30 3822 84 3880 tua
109 3819 285 3911 attigisti,
320 3841 383 3888 me
412 3819 622 3888 ministerio
661 3817 814 3886 Hakoni
845 3830 1004 3906 satrapae

32 3909 232 4002 devinctum
260 3919 394 4008 fuisse,
451 3943 472 3989 a
500 3943 586 4012 quo·
606 3917 815 3987 liberaliter
840 3915 1004 4004 habitus,

30 4029 116 4085 sorte
150 4042 234 4088 mea
259 4022 429 4110 perbene
458 4033 661 4089 contentus
689 4017 773 4103 fuit
804 4017 1006 4086 eratenim

32 4117 142 4187 amieis
165 4121 390 4209 benevoluS,
429 4122 548 4207 utilia=
564 4119 783 4206 consulens,
826 4117 1003 4203 liberalis,

62 4248 85 4294 2·
96 4251 148 4299 vol.
765 4218 803 4290 H
830 4291 832 4298 ,

237 4401 246 4460 l
