2634 4682
268 493 273 502 ι
370 353 462 446 182
681 373 954 412 ··········
1167 371 1253 454 1111.

234 649 241 661 ,
277 575 280 581 ’
305 579 419 674 quiei
433 579 600 656 fideliter
612 580 809 656 bonorum
817 605 982 677 operum
997 575 1257 680 constantibser·

302 683 384 752 vire
398 685 559 756 vellent:
586 709 712 778 nequa
732 685 858 756 minus
875 685 992 757 in‘his
1008 686 1121 754 rebus
1129 682 1256 772 aliisque

302 784 458 874 multis,
491 807 576 876 quae
594 787 849 857 relationibus
874 788 1132 872 celebrantur,
1160 781 1256 852 inimi·

303 905 371 954 cus
381 885 503 955 totius
513 888 666 982 generis
674 887 837 958 humani
846 901 977 980 aperte
986 884 1159 976 ostendit,
1172 905 1258 976 quam
1289 919 1290 972 ,

301 983 444 1057 inritus
462 987 616 1058 missam
639 987 775 1062 fecerit
798 990 974 1080 rapinam
986 1010 1098 1060 suam
1118 1001 1155 1056 et
1167 1003 1258 1080 popu·

299 1085 408 1175 lum,
444 1110 562 1180 quem
585 1089 693 1160 omni
713 1102 802 1162 ante
821 1103 997 1182 tempore
1022 1087 1205 1179 captivum
1221 1097 1259 1152 te·

301 1185 389 1257 nuit
412 1187 603 1263 haereticis
624 1191 786 1261 vinculis
816 1191 1112 1266 maledictorum
1133 1185 1260 1283 simula·

214 1278 219 1286 ⁶
302 1306 478 1376 crorum3
511 1313 602 1360 curn
617 1313 753 1362 saevam
770 1289 869 1368 iram
886 1291 929 1362 in
947 1314 1037 1381 eos,
1056 1291 1100 1360 in
1117 1312 1203 1382 quos
1214 1307 1262 1377 po·

300 1399 482 1460 testatem
507 1393 697 1483 exercuit,
727 1392 855 1463 subito
874 1393 1026 1485 impetu
1047 1406 1153 1466 tanto
1171 1384 1261 1478 magis

299 1486 497 1580 incitaret,
531 1508 673 1584 quanto
689 1493 914 1586 propiorem
929 1493 1048 1562 sensit
1063 1515 1169 1562 suam
1182 1490 1260 1581 igno-

299 1587 462 1670 miniam
480 1591 714 1686 dignamque
733 1594 875 1684 rapinae
895 1595 1098 1681 jacturam.
1156 1589 1262 1663 Hallut

298 1711 390 1758 vero
412 1713 543 1762 casum
564 1695 778 1766 Thidrandi
803 1691 971 1772 filiitam
993 1715 1095 1787 aegre
1111 1692 1212 1780 tulit,
1232 1699 1261 1754 ut

300 1789 442 1860 diutius
460 1791 551 1864 Holi
569 1791 742 1864 habitare
755 1796 942 1886 voluptati
957 1817 1037 1864 non
1052 1807 1161 1882 esset,
1172 1809 1260 1882 quare

201 1969 203 1976 ,
298 1911 378 1960 rem
396 1891 629 1965 familiarem
642 1896 872 1969 Thvattaam
885 1895 1102 1964 cannutio
1144 1887 1260 1964 Accidit

296 1990 523 2086 aliquando,
551 2019 641 2066 cum
650 1997 883 2069 Thorhallus
901 1987 1260 2069 vatesThv'attaaead·
1290 2041 1291 2124 ,

298 2107 417 2182 esset,
460 2095 509 2164 ad
530 2097 749 2168 convivium
771 2099 818 2168 ab
833 2098 949 2170 Hallo
970 2097 1171 2185 inritatus,
1194 2090 1260 2165 Hal·
1290 2145 1291 2156 1

297 2190 435 2284 Iusque
454 2195 497 2264 in
519 2198 648 2266 clauso
665 2195 865 2288 cubiculo,
890 2196 1139 2272 cuifenestra
1155 2196 1258 2276 inerat,

298 2292 533 2381 Thorhallus
551 2321 641 2367 vero
661 2299 702 2368 in
720 2299 795 2368 alio
812 2300 914 2370 lecto
924 2299 1098 2386 cubaret,
1123 2310 1166 2368 ut
1175 2312 1258 2364 mane

298 2393 487 2487 quodam,
529 2421 619 2468 cum
646 2401 757 2468 ambo
784 2400 1012 2494 vigilabant,
1056 2395 1257 2474 Thorhallus

281 2493 522 2567 subrideret.
576 2500 829 2570 Hallusinfit:
856 2500 923 2592 qul
939 2499 1138 2570 subrides?
1162 2498 1255 2570 Thor-

277 2592 441 2664 .hallus:
472 2597 559 2668 ideo
582 2600 780 2690 subrideo,
808 2601 955 2692 inquit,
982 2600 1086 2692 quod
1105 2597 1255 2691 plurimos

293 2692 404 2794 rideo
424 2699 621 2768 colliculos
635 2701 795 2791 aperiri,
818 2701 1048 2795 singulaque
1068 2695 1253 2776 animantia

293 2807 374 2864 tam
393 2816 509 2886 parva
536 2821 652 2890 quam
676 2823 815 2897 magna
834 2801 893 2892 ¹),
930 2825 1016 2885 vasa
1039 2802 1208 2893 colligere
1227 2804 1253 2860 et

292 2895 566 2987 migrationem
582 2893 718 2972 facere.
773 2907 822 2974 Et
841 2903 959 2993 paulo
979 2916 1072 2994 post
1094 2923 1170 2991 res,
1192 2913 1250 2988 qut

253 2995 256 3001 '
291 3015 384 3063 mox
400 2997 598 3092 dicentur,
623 3003 855 3074 acciderunt.

297 3163 617 3262 Tbangbrandus
635 3172 676 3242 in
684 3171 912 3244 Islandiom
925 3171 1031 3254 venit
1044 3183 1083 3242 et
1097 3153 1248 3243 christia·
1291 3177 1292 3256 j

506 3295 598 3342 nam
615 3273 843 3366 religionem
855 3275 1067 3370 praedicat.

391 3397 480 3492 Cap.
491 3408 565 3474 216.
618 3406 701 3477 Rex
713 3407 852 3480 Olavus
865 3405 1168 3502 Tryggviifilius,
1185 3417 1248 3470 cum

287 3513 358 3583 per
380 3497 472 3569 duas
485 3501 636 3590 hiemes
649 3508 850 3601 Norvegiae
868 3509 1103 3599 praefuisset,
1129 3507 1246 3589 Thag-

286 3593 474 3669 brandum
490 3606 763 3698 presbyterum
778 3610 819 3680 in'
835 3609 1045 3678 Islandiam
1060 3609 1177 3692 misit,
1202 3599 1246 3669 hic

285 3715 382 3762 nave
396 3700 594 3787 profectus
610 3707 789 3802 Saltagos
811 3709 853 3780 in
874 3710 1118 3801 Alptafjordo
1138 3695 1245 3780 boreali

282 3794 422 3864 tenuit.
474 3801 615 3874 Incolae
632 3831 746 3897 vero,
773 3809 1002 3902 sentientes,
1030 3808 1244 3904 Thangbran·

157 3900 159 3909 ’
192 3955 195 3960 ,
286 3888 378 3958 dum
403 3899 602 4008 sociosque
623 3908 851 3980 christianos
877 3933 978 4004 esse,
1005 3935 1080 3984 nec
1102 3901 1243 3982 1111111115

282 4035 549 4066 Ἣ

287 4101 944 4201 ¹)010mneannamuumquoaquefacem,
972 4141 998 4184 et
1017 4122 1114 4202 parvos
1132 4141 1155 4184 11
1166 4135 1240 4194 ΝΜ

239 4279 243 4300 ι
323 4193 392 4258 (scil.
408 4195 501 4269 111111)
515 4223 602 4278 parnt,
622 4214 653 4266 C.
