2626 4678
262 315 374 407 ³2
633 267 909 394 ’Ξ
987 385 999 398 „
1154 325 1273 402 1⁵10.

280 542 339 618 vir
355 531 460 616 diues
473 537 538 613 hic
554 537 726 656 habitam
751 559 879 633 neque
895 536 1007 614 vires
1034 539 1085 616 ad
1099 543 1286 620 resisten-

282 647 376 718 dum
398 655 513 716 eruut
525 641 635 732 ullae,
672 665 704 711 s1
693 639 907 744 prudenti
924 657 1085 716 utemur
1105 643 1284 722 consilio.

191 783 195 792 ·
282 747 431 820 Idcirco
462 741 592 813 aedes
576 763 672 838 igne
696 740 876 836 ferroque
907 766 1194 842 oppugnemus,
1224 772 1288 820 res

258 837 269 850 ”
284 869 417 920 omnes
432 844 599 938 captivas
616 843 870 935 abducamus,
909 846 1007 917 aedes
1021 847 1288 942 hominesque

284 948 485 1020 universos
496 939 675 1016 incendio
692 941 957 1034 absumamus,
995 970 1085 1041 pars
1102 966 1288 1024 nostrum

286 1051 445 1120 domum
465 1046 631 1142 lagjaldi
655 1045 814 1137 adeant,
845 1046 1027 1140 idemque
1042 1051 1099 1120 ibi
1123 1051 1288 1124 faciant.

285 1149 398 1246 Quod
422 1171 515 1220 cum
535 1168 651 1216 nemo
675 1146 930 1239 dissuaderet,
975 1148 1111 1244 ignem
1137 1153 1288 1244 aedibus

285 1252 533 1344 admovent.
565 1247 805 1322 Thorvaldus
824 1249 877 1319 ad
895 1250 1016 1322 limen
1037 1273 1287 1348 progressus,

287 1351 372 1446 quis
385 1334 565 1424 incendio
582 1350 723 1440 praesit,
749 1348 981 1444 interrogat,
1020 1376 1084 1424 cut
1071 1355 1287 1448 Sokkius,

287 1451 372 1546 quis
387 1451 455 1542 sit,
471 1451 613 1566 aperit.
668 1455 773 1524 Tum
790 1451 1047 1526 Thorvaldus.
1081 1479 1287 1550 quasnam,

286 1550 434 1644 inquit,
469 1551 629 1640 injurias
655 1552 811 1622 ultum
801 1575 852 1621 ts.
890 1552 990 1625 nihil
1011 1554 1141 1648 enini,
1177 1559 1287 1649 mali,

154 1629 157 1638 Ι
258 1654 401 1762 ‚quod
423 1653 579 1746 quidem
600 1651 738 1744 sciam,
762 1653 833 1722 tibi
860 1654 1089 1728 attulimus?
1115 1659 1287 1730 Sokkius

189 1794 193 1805 =
288 1749 441 1824 coatia:
475 1777 554 1833 nos
582 1755 738 1855 piratae,
773 1754 923 1846 inquit,
961 1779 1041 1828 non
1070 1761 1289 1850 quaerimus

287 1877 431 1946 causas,
459 1853 581 1926 sicubi
595 1844 795 1925 facultates
812 1856 1017 1950 hominum
1031 1873 1177 1962 atque
1164 1862 1287 1932 vitam

286 1957 466 2051 petimus.
529 1957 765 2069 oppugnant
783 1945 916 2048 piratae
934 1956 1063 2026 aedes
1050 1982 1147 2054 lgne
1162 1939 1287 2034 ferro·

288 2082 382 2149 que.
438 2056 657 2149 quindecim
687 2053 778 2145 viri,
830 2056 933 2128 inter
963 2081 1058 2150 quos
1091 2063 1287 2135 Thorval·

288 2160 379 2248 dus,
418 2155 595 2228 incendio
624 2154 837 2247 absumti,
850 2157 984 2250 paucis
1011 2160 1286 2236 evadentibus.

167 2291 170 2298 ·
199 2295 201 2304 ·
257 2329 260 2354 ,
284 2283 345 2330 res
362 2280 522 2348 omnes,
534 2257 676 2373 quibus
694 2257 852 2349 quidem
864 2282 955 2330 usus
969 2276 1070 2353 erat,
1104 2266 1285 2360 spiratis

232 2421 235 2428 .
286 2361 464 2450 abreptae.
531 2347 607 2455 Qui
636 2381 659 2428 a
684 2353 825 2457 solleio
846 2360 894 2432 ad
921 2361 1048 2458 Ingjal
1049 2363 1147 2437 dum
1174 2368 1286 2440 missi

207 2471 209 2476 ’
288 2474 414 2550 erant,
440 2461 574 2555 ignem
582 2459 760 2535 aedibus
749 2459 989 2550 injecerunt3
1024 2465 1093 2534 ille
1113 2467 1285 2540 adfores

283 2581 508 2677 prqgressus
540 2559 704 2631 exeundi
726 2563 881 2635 veniam
909 2559 1134 2636 hominibus
1159 2573 1312 2662 petit:

264 2697 268 2702 ·
285 2663 394 2752 cujus
413 2687 503 2733 cum
520 2661 627 2732 nulla
644 2662 778 2731 fieret
774 2662 903 2756 copia,
937 2664 985 2736 ad
1003 2659 1312 2780 adolescentes,

101 2807 102 2815 ι
198 2799 201 2804 ’
285 2767 460 2836 Ottarem
477 2775 517 2834 et
533 2763 758 2854 Avaldium,
786 2769 1002 2880 conversus,
1029 2765 1084 2837 ita
1102 2793 1171 2842 eos
1187 2775 1312 2845 allo·

277 2867 434 2964 quitur:
471 2863 711 2957 inpromptu
731 2877 807 2955 est,
847 2863 977 2936 mihi
964 2889 1044 2956 Jam
1048 2869 1203 2943 ultima
1221 2875 1283 2944 ad·

280 2981 437 3038 ventare
453 2965 547 3038 fata:
578 2989 713 3038 verum
730 2966 962 3058 optaverim,
996 2991 1061 3039 vos
1081 2970 1157 3039 ab
1145 2994 1282 3046 incen-

282 3067 344 3138 dio
362 3067 537 3156 liberare,
561 3080 606 3137 ut
614 3065 852 3160 long1or1bus
862 3067 1016 3139 uttlatts
1025 3071 1281 3170 vob1sltceat,

226 3170 244 3245 f
279 3192 383 3240 nunc
413 3168 543 3260 itaque
571 3191 637 3239 vos
651 3189 744 3282 ‘per
756 3167 858 3238 fores
886 3171 1077 3268 occultas,
1117 3197 1208 3266 quae
1240 3177 1280 3247 in

279 3270 422 3340 aedibus
440 3281 551 3376 suut,
585 3267 778 3339 emittam:
816 3267 931 3362 inde,
965 3262 1120 3344 fumum
1138 3277 1279 3368 secuti,

276 3373 319 3446 iu
336 3372 483 3465 sylvam
505 3355 572 3438 vo's
590 3367 787 3457 conferte,
823 3393 970 3464 neque,
1009 3372 1043 3460 si
1063 3375 1279 3491 majoribus

274 3471 388 3548 rebus
404 3493 470 3542 vos
492 3470 648 3544 fortuna
658 3469 881 3564 servavent
906 3471 1042 3560 hujus
1032 3497 1186 3574 1n1ur1ae
1197 3479 1279 3548 vin·

278 3571 446 3644 dicandae
474 3560 587 3642 causa
610 3570 717 3642 vobis
739 3569 872 3643 deerit.
935 3573 1001 3646 Illi
1020 3577 1278 3692 respondent:
1310 3575 1311 3656 ᾗ

260 3675 453 3762 ¹soluntas
470 3671 656 3765 quidem
645 3696 688 3742 ιιι
702 3687 878 3765 promtu,
904 3693 990 3768 spes
1002 3699 1094 3746 vero
1114 3679 1176 3748 rei
1189 3701 1277 3772 per·
1310 3681 1311 3704 ³

276 3771 468 3864 ficiendae,
496 3796 572 3866 quo
588 3797 651 3844 res
666 3798 770 3846 nunc
789 3775 946 3867 quidem
962 3779 1049 3847 loco
1066 3792 1169 3870 sunt,
1197 3781 1274 3850 exi·

277 3897 364 3970 gua.
417 3875 599 3945 Producti
615 3874 753 3945 deinde
768 3876 813 3946 ab
829 3877 1003 3971 Ingjaldo
1022 3873 1070 3948 ad
1090 3879 1194 3949 fores
1209 3905 1273 3950 oc·

175 4046 178 4052 ,
278 3978 421 4064 cultas,
457 3975 684 4063 1111111111ῑῇ
674 3977 806 4046 insciis
820 3977 975 4070 piratis,
1014 3991 1101 4050 tum
1112 3981 1163 4050 ob
1178 3995 1271 4052 stre-

276 4078 403 4188 pitum
434 4076 674 4166 flammaque
705 4077 802 4166 vim,
841 4092 929 4151 tum
957 4079 1062 4173 quod
1093 4104 1270 4176 properae

275 4175 392 4248 morti
406 4197 484 4248 non
500 4189 609 4280 etant
631 4175 821 4254 destinati
887 4181 934 4255 In
956 4183 1189 4259 contrariam
1213 4184 1270 4256 in
