2634 4682
8 263 230 478 2165*ssv
393 356 669 428 ...···.·..···-.-·...,
759 457 762 470 ,
883 337 974 428 183

11 553 231 664 colloqui,
266 559 395 658 neque
419 588 484 638 eos
499 565 547 638 ad
559 580 717 659 portum
733 563 921 636 deducere
944 565 1037 638 vici·

15 659 163 750 nique
186 663 420 738 habitatores
445 670 596 740 nullam
630 668 678 738 iis
709 666 1036 758 benevolentiam,
1101 737 1104 744 ,

15 762 199 834 nullum
227 767 417 838 auxilium
445 782 621 859 praestare
659 769 877 838 voluerunt.
951 769 1038 840 Hoc

18 875 220 954 tempore
257 869 516 942 Sidu-Hallus
543 869 740 944 Thvattaae
764 867 975 955 habitavit,
1002 868 1040 938 ei

17 962 116 1034 iter
134 965 212 1044 fuit
227 967 385 1042 boream
400 993 531 1048 versus
546 971 588 1042 in
607 969 880 1061 Fljotsdalum,
908 991 1039 1040 neces·

21 1067 235 1140 sariorum
248 1071 494 1164 negotiorum
504 1093 627 1145 causa.
656 1070 756 1144 Cum
767 1093 857 1142 vero
867 1083 1040 1141 austrum

22 1190 175 1240 versus
198 1185 478 1264 reverteretur,
506 1171 812 1267 Thangbrandus
834 1171 986 1242 obviam
1003 1169 1042 1240 ei

25 1268 238 1362 profectus
257 1286 333 1363 est,
369 1295 536 1367 eumque
553 1272 738 1348 accedeus
755 1271 968 1345 honorilice
985 1294 1041 1342 sa·

24 1371 199 1464 lutavit,
234 1385 274 1443 et
296 1371 483 1448 adventus
503 1373 564 1446 s'ui
588 1397 741 1450 causam
760 1371 953 1464 ostendit,
978 1372 1042 1444 ad-

24 1473 156 1562 dens,
182 1473 379 1570 mandasse
401 1476 563 1566 Oluvum
585 1496 738 1570 regem,
764 1490 810 1548 ut
826 1475 919 1566 sibi,
945 1496 1042 1544 nave

29 1574 143 1642 forte
166 1573 210 1644 in
236 1574 478 1665 Austfjsrdos
502 1575 732 1668 apponenti,
781 1575 1043 1672 patrocinium

33 1673 373 1766 subministraret,
412 1677 677 1770 cujuscunque
706 1675 778 1749 sibi
809 1697 906 1767 opus
929 1675 1041 1744 foret.

32 1775 162 1846 Porro
179 1769 490 1870 Thangbrandus
504 1780 666 1854 Hallum
681 1780 841 1872 rogavit,
853 1791 899 1850 ut
906 1798 1045 1846 navem
1083 1797 1094 1816 ,
1213 1758 1216 1766 ¹

36 1877 87 1944 in
104 1890 265 1968 portum
283 1876 508 1968 deduceret,
535 1879 706 1972 aliasque
722 1899 785 1952 res
809 1875 1045 1952 necessarias

39 1977 117 2046 sibi
131 1977 380 2069 prospiceret.
433 1979 571 2054 Hallus
591 1981 713 2052 amice
728 1978 963 2056 etbenevole
976 1998 1045 2067 po-

40 2080 186 2171 stulata
203 2079 285 2168 ejus
304 2093 343 2148 et
360 2078 539 2154 mandata
555 2080 664 2153 Olavi
679 2080 783 2176 regis
804 2079 1009 2170 accipiens,
1024 2100 1045 2145 e

40 2180 207 2275 vestigio
222 2180 360 2272 misit,
378 2181 446 2272 qui
462 2204 599 2254 navem
613 2179 893 2275 Thangbrandi
903 2180 945 2266 in
960 2177 1047 2248 Lei·
1078 2238 1086 2252 ,

41 2303 235 2376 ruvagum
262 2280 306 2354 in
337 2279 574 2376 Alptatjordo
608 2282 769 2360 australi
799 2282 1046 2368 deveherent,

37 2382 177 2472 ibique
199 2377 477 2471 subducerent,
510 2381 581 2458 ubi
605 2383 744 2454 exinde
765 2379 1047 2476 Thangbrandi

42 2484 260 2572 portus'vel
282 2483 416 2556 navale
438 2482 599 2568 dicitur3
631 2497 761 2554 totum
784 2497 916 2554 autem
941 2481 1048 2554 navis

46 2606 143 2655 onus
159 2583 319 2657 domum
335 2583 376 2653 in
392 2607 521 2656 aream
536 2587 637 2675 prati
647 2583 860 2674 „stercorati
885 2583 973 2654 vehi
994 2581 1049 2650 fe·
1117 2593 1119 2604 '

47 2684 118 2774 cit,
147 2685 282 2776 ibique
301 2685 522 2758 ¹tentorium
541 2685 621 2758 illis
647 2685 871 2774 constituit,
905 2683 1048 2773 inquo

47 2803 117 2875 per
141 2785 316 2855 hiemem
346 2784 595 2870 habitarunt3
639 2786 703 2858 hic
737 2783 1050 2880 Thangbrandus

48 2885 179 2956 missas
199 2884 359 2980 cecinit,
388 2909 550 2978 remque
571 2885 739 2958 divinam
756 2883 1046 2960 administravit.

49 2984 183 3058 Hallus
197 2987 481 3058 benevolumse
492 2987 779 3083 Thangbrando
790 2987 1049 3074 omnibusque
1072 3049 1075 3055 ,

51 3088 156 3158 sociis
169 3089 253 3176 eius
269 3085 445 3178 praebuit,
457 3102 496 3158 et
506 3111 641 3160 omnes
652 3113 713 3162 res
727 3086 958 3158 necessarias
972 3085 1060 3160 illis,
1145 3151 1148 3156 .

52 3189 376 3276 subministravit,
397 3187 617 3284 saepiusque
631 3193 673 3260 in
682 3189 932 3296 tabernaculo
946 3183 1051 3276 apud

53 3312 113 3359 eos
132 3303 395 3362 commoratus
424 3305 493 3360 est.
547 3295 649 3364 'Hoc
675 3285 883 3386 autumno,
922 3285 1051 3378 pridie
1086 3365 1088 3370 ,
1167 3341 1170 3353 .

53 3388 187 3460 festum
204 3389 429 3479 Michaelis,
447 3390 753 3486 Thangbrandus
770 3391 963 3461 adhoram
974 3400 1052 3456 ter-

53 3489 141 3561 tiam
163 3491 467 3582 pomeridianam
487 3492 572 3560 'suis
596 3494 839 3563 vacationem
870 3490 1053 3560 laborum

54 3587 183 3660 indixit
191 3604 207 3678 ς’
230 3592 369 3664 Hallus
392 3592 667 3682 paterfamilias
685 3595 815 3664 aderat
830 3605 868 3662 et
884 3589 1051 3662 interro-

58 3693 182 3783 gavit,
211 3715 283 3762 cur
305 3705 397 3760 tunc
421 3693 467 3762 ab
485 3716 602 3785 opere
620 3691 845 3766 cessarent?
888 3689 1052 3780 Thang-
1112 3741 1113 3744 ,
1169 3729 1170 3734 κ

58 3788 213 3862 brandus
228 3793 453 3883 respondet:
481 3793 581 3868 hanc
605 3792 729 3886 diem,
756 3815 841 3885 quae
860 3788 1058 3885 sequitur,

58 3913 190 3964 sacram
205 3896 496 3985 solemnemque
511 3896 674 3988 agimuS,
687 3889 690 3900 ’
701 3897 743 3966 in
758 3892 918 3988 gloriam
930 3890 1054 3958 sancti
1149 3905 1153 3920 ·

62 3988 116 4059 dei
129 3993 349 4088 archangeli
368 3994 583 4067 Michaelis.
637 3998 792 4068 Hellus:
823 3991 961 4082 quibus
977 3989 1055 4056 vir·
1172 4065 1175 4073 ,

62 4089 194 4170 tutibus
207 4094 382 4170 Michael
399 4109 573 4187 ornatus,
608 4099 811 4188 qualisque
831 4091 907 4162 fuir
925 4102 989 4158 ext
997 4091 1055 4156 ei·
1128 4153 1129 4160 ,

63 4211 105 4262 m
125 4195 205 4286 ejus
234 4195 431 4279 conditio?
487 4196 829 4305 ³Thengbrandus:
873 4189 1055 4264 Michael
