2634 4682
21 359 182 464 nau=
266 320 675 428 .·'··········
882 327 979 432 1'81·
1098 339 1101 348 '

23 561 172 638 iicovit.
239 567 343 641 Tum
358 564 540 638 homine·
566 564 708 636 aedibus
735 561 905 658 exibant,
935 563 1042 642 luna
1150 625 1153 640 .
1243 563 1249 576 '

25 661 270 756 splendente
281 667 455 759 coeloque
465 665 606 760 gelido,
626 684 664 737 et
676 669 1037 741 Thidrandumsau

27 765 139 837 cium
157 766 355 855 jacentem
372 763 621 856 invenerunt,
651 769 740 837 etin
755 769 919 840 domum
932 785 1037 872 retu-

26 866 195 954 leruut3
223 865 271 940 dc
286 889 374 940 caru
387 889 459 938 suo
473 879 649 962 rogatus,
676 870 759 938 liaec
776 872 923 960 omnia,
952 865 1037 962 quae

27 964 208 1059 videret,
244 970 455 1059 enarravit,
481 970 699 1062 eodemque
724 993 839 1067 mane
859 973 959 1041 circu
979 973 1038 1040 lu-

27 1068 83 1136 eis
97 1081 243 1140 ortum
237 1083 471 1165 mortuus,
480 1072 658 1160 tumulo,
683 1061 791 1143 more
806 1071 977 1161 ethnico,
992 1072 1038 1140 il

28 1149 135 1239 intus
155 1183 228 1240 est.
284 1168 443 1264 Captata
460 1169 598 1240 deinde
615 1187 672 1241 est
686 1171 732 1241 de
746 1171 950 1242 itineribus
969 1172 1039 1240 ho
1127 1245 1130 1254 ι

27 1269 340 1361 minutulam,
388 1292 516 1366 neque
540 1272 613 1343 ulli
637 1271 901 1344 Thidrando
889 1271 1040 1344 mimici

30 1367 157 1440 fuisse·
180 1372 495 1464 comperiuntur,-
538 1373 673 1462 Hallo,
708 1373 1040 1445 Thorhallumin-

29 1474 274 1566 terrogonti,
301 1470 395 1568 quid
412 1472 484 1549 sibi
500 1465 618 1544 vellet
635 1488 902 1564 portentosum
919 1471 1041 1569 hocce

34 1585 247 1664 eventurn,
271 1573 357 1645 ille:
384 1573 526 1663 nescio,
550 1573 697 1666 inquit3
725 1576 1039 1662 conjectarevero

33 1671 152 1764 licet,
182 1674 252 1763 hos
268 1695 345 1746 ιιοιι
361 1671 582 1745 olias'fuisse
598 1675 772 1765 feminas,
789 1698 904 1768 quam
913 1675 1041 1770 gentis

36 1787 176 1845 vestrae
201 1773 291 1846 deas
315 1775 521 1863 tutelares3
546 1776 757 1871 'religionis
784 1777 1042 1846 mutationem

36 1861 205 1964 posthac
229 1873 520 1950 subsecuturam
544 1899 735 1972 auguror,
760 1878 943 1970 brevique
961 1899 1042 1945 me·

38 1973 184 2048 liorem
200 1977 458 2074 religionem
447 2000 489 2048 ιιι
479 1979 596 2049 hanc
613 1993 758 2048 terram
773 1977 1042 2048 introductum
1114 2043 1116 2045 ,

39 2073 99 2146 iri.
167 2080 271 2152 Puto
290 2091 437 2168 autem,
465 2077 532 2149 has
550 2077 639 2150 deas
656 2092 816 2168 vestras,
844 2099 929 2170 quae
946 2078 1076 2168 prad,
1193 2135 1196 2144 ι

43 2176 143 2250 senti
169 2178 355 2274 religioni
370 2179 567 2270 faverunt,
602 2179 864 2251 mutationem
887 2178 1042 2272 religio·
1126 2201 1127 2206 ¹

41 2277 98 2345 nis
114 2281 373 2396 praenoviese,
399 2293 643 2374 vestramque
661 2279 852 2358 familiam
871 2281 917 2352 ab
931 2303 969 2349 se
986 2303 1044 2349 se·
1090 2301 1094 2310 ·

44 2394 225 2467 paratum
252 2382 321 2469 iri3
341 2379 520 2473 ideoque
546 2402 646 2475 aegre
666 2381 854 2471 ferentes,
879 2381 1045 2452 nullum

43 2478 114 2549 sibi
137 2481 333 2566 tributum
356 2481 498 2564 euobis
523 2497 613 2552 ante
638 2481 753 2572 solvi,
780 2481 916 2552 hocin
934 2503 1046 2550 suam

45 2584 382 2668 portemsumsisse
404 2583 461 2674 ¹)3
481 2583 658 2653 meliores
673 2592 807 2652 autem
823 2581 922 2671 deas,
940 2570 1045 2650 auiti-

45 2675 144 2754 lium
170 2685 208 2756 ei
228 2683 342 2755 ierre
355 2683 580 2776 cupientes,
624 2683 697 2754 hac
727 2683 831 2754 vice
841 2681 1064 2775 impeditae¹

46 2770 222 2870 luisse3
212 2799 396 2855 caeterum
412 2807 456 2854 ex
473 2783 532 2855 his
549 2785 691 2856 deabus
711 2809 776 2855 vos
796 2784 959 2878 cognati,
979 2781 1046 2874 qui

47 2876 175 2956 hanc
164 2900 340 2980 rgnotam
363 2885 609 3002 acceptabitis
638 2886 890 2982 religionem,
930 2905 1047 2975 quam

49 2979 121 3052 illae
130 2985 383 3100 portendunt,
399 2987 539 3081 cuique
556 2985 703 3076 favent,
721 2987 970 3057 commodum
986 3006 1046 3052 ca·

49 3081 169 3170 pietis.
222 3089 285 3177 Sic
301 3085 378 3160 hoc
389 3101 591 3179 eventum,
619 3103 665 3157 ut
684 3087 919 3161 Thorhallus
936 3083 1045 3170 dixit,
1114 3102 1117 3108 ’
1181 3091 1185 3096 ’

51 3187 259 3293 multaeque
275 3190 418 3260 similes
436 3206 496 3260 res
513 3189 794 3283 portenderunt
807 3188 1046 3284 subsequens

51 3280 145 3357 illud
160 3290 584 3382 fortunatumtempus,
602 3314 677 3384 quo
697 3288 940 3379 omnipotens
951 3285 1047 3354 deus
1088 3345 1090 3349 ,

52 3389 257 3480 poputum,
309 3393 376 3482 qui
411 3390 618 3464 islandiam
646 3389 829 3478 incoluit,
867 3385 1048 3480 propitiis

55 3489 171 3562 oculis
195 3492 395 3585 respicere
389 3489 580 3610 dignatus
602 3505 678 3583 est,
715 3491 960 3580 eundemque
980 3509 1048 3578 po·
1089 3490 1130 3564 ‚¹

54 3588 205 3682 putum,
231 3592 347 3686 operi
362 3593 630 3692 ministror'um
647 3615 824 3680 suorum,
860 3613 882 3658 a
900 3586 1050 3662 diutina
1128 3588 1130 3594 ’

57 3681 221 3763 diaboli
206 3685 388 3765 servitute
409 3682 593 3787 liberare,
622 3709 661 3763 et
674 3696 716 3762 in
733 3691 1049 3768 communionem
1075 3785 1077 3790 Ι

58 3798 200 3864 aeternae
224 3795 458 3871 haereditutis
478 3797 805 3912 adoptivorum
769 3789 822 3861 fil
797 3795 939 3861 horum
957 3811 1050 3858 Ι-ειιο
1070 3854 1076 3867 ,

58 3902 157 3986 rum,
187 3897 401 3967 secundum
420 3897 610 3990 promissa
626 3919 711 3986 sua,
739 3917 871 3966 omnes
894 3893 1048 3981 ducere,

93 4034 316 4062 Ἢ
417 4070 423 4074 .
950 4023 955 4031 Ι
994 4052 999 4061 ι

64 4097 164 4166 ¹)th
180 4113 281 4167 idcirco
308 4117 348 4186 (in
359 4117 452 4188 W)
468 4117 604 4184 nuntiare,
632 4117 674 4184 B;
715 4112 901 4169 Thidrtrndum
917 4116 946 4182 (ir
929 4130 993 4164 urs.
1007 4113 1053 4182 p)

93 4204 274 4274 missust
