2680 4678
53 408 173 490 ιιιιι,
423 413 699 476 n
898 397 988 489 281

52 629 127 702 bus
145 624 346 722 optabant,
374 623 518 718 quippe
536 622 603 718 qui
624 623 682 696 ibi
698 623 767 698 diu
786 628 913 718 parati
923 627 1054 700 haesis-

56 744 164 820 sent,
189 727 373 820 ventique
397 726 556 796 secundi
571 722 803 818 adspiraturi
817 730 1050 802 videremur.
1101 731 1104 744 '

23 855 26 858 ·
53 827 346 924 Jamsigraldio
366 843 524 922 satrapae
550 852 596 897 ex
615 829 741 900 Dania
763 832 983 904 clanculum
998 833 1054 902 af·

52 933 181 1007 fertur
205 931 384 1020 nuntius,
418 954 466 999 ex
491 929 642 1000 oriente
667 930 816 1006 venisse
820 933 1074 1007 ‘exercitum-

50 1033 169 1103 Olavi
193 1031 377 1102 Svionum
399 1031 502 1124 regis
518 1043 559 1100 et
570 1030 692 1131 Eu1k1
711 1045 896 1125 satrapae,
922 1037 1053 1108 Dano-

49 1157 146 1208 rum
157 1133 259 1226 regis
273 1147 422 1225 paratas
439 1121 592 1225 quoque
609 1155 696 1202 esse
704 1153 852 1225 coplas,
869 1135 1053 1208 Vindlan-
1077 1193 1094 1226 .-

52 1232 128 1306 dite
151 1232 285 1306 littora
305 1257 396 1304 cum
415 1235 534 1306 classe
555 1253 774 1304 accessuros
795 1233 887 1306 istos
907 1237 1052 1328 princi-

49 1357 147 1430 pes,
181 1336 401 1406 convenisse
419 1335 523 1406 inter
541 1357 625 1424 eos,
657 1350 705 1413 ιιι
725 1334 781 1406 ibi
800 1336 1050 1427 adinsulam,
1154 1427 1158 1433 .

49 1435 255 1510 8ιὸ1ιιιιιιιι
281 1435 445 1530 dictam⁷
478 1435 700 1514 uenientem
724 1451 944 1527 exspectare
967 1441 1053 1508 vel-

43 1541 141 1612 lent
159 1551 292 1632 regem
314 1539 478 1608 Olavum
500 1538 687 1631 Tryggvii
710 1536 857 1623 filium,
892 1539 946 1608 ιιι
956 1550 1052 1632 qu'o-

48 1664 130 1734 que
145 1637 335 1732 sigvaldio
348 1651 507 1729 satrapes
525 1651 813 1730 praeceperunt,
824 1653 870 1709 ut
888 1655 1055 1731 curaret,

48 1755 101 1811 ut
113 1740 173 1810 ibi
190 1741 353 1810 otavum
367 1761 502 1834 regem
516 1739 709 1836 offendere
725 1755 891 1831 possent.
945 1745 1053 1818 Tum
1156 1733 1159 1749 '

48 1841 104 1912 ad
115 1840 385 1914 Vindlandiam
398 1860 518 1934 vagus
536 1863 669 1913 rumor
691 1844 922 1932 allatusest,
949 1843 1052 1922 Sr'ei-

48 1965 150 2014 nem
171 1943 373 2013 Danorum
403 1963 538 2035 regem
569 1943 792 2019 exercitum
814 1943 1051 2034 expeditioni

47 2056 236 2159 paratum
248 2044 424 2158 habere,
428 2066 599 2136 moxque
611 2043 804 2134 increbuit
819 2043 933 2137 fama,
946 2044 1051 2119 διει-

48 2168 156 2217 nem
170 2163 305 2237 regem
330 2143 461 2216 armis
469 2167 559 2216 cum
587 2147 705 2216 Olavo
730 2148 929 2242 Norvegiae
956 2166 1050 2240 rege
1086 2217 1088 2222 ,

49 2245 240 2338 congredi
256 2248 367 2362 velle.
402 2249 495 2342 Quae
515 2269 605 2316 cum
625 2244 1056 2342 aud1ret*)81gvald1us

49 2359 226 2439 satrapa,
266 2321 351 2442 regi
374 2349 492 2424 Olavo
517 2347 630 2416 dixit:
669 2371 807 2418 rumor
829 2349 900 2418 iste
916 2370 1054 2444 vagus,
1091 2349 1097 2359 '
1129 2353 1133 2364 '

48 2448 124 2542 qui
146 2446 194 2518 ad
213 2471 324 2520 aures
341 2462 427 2518 tuas
443 2448 635 2540 pervenit,
664 2449 823 2538 omnino
837 2450 956 2520 falsus
978 2464 1049 2539 est,
1092 2531 1095 2536 ,

48 2548 256 2622 nonenim
274 2549 403 2622 Sveini
426 2550 510 2644 regi
524 2549 566 2622 ιιι
587 2551 714 2622 animo
741 2565 816 2666 est,
853 2574 943 2624 cum
968 2553 1050 2620 solo

47 2656 258 2725 Danorurn
271 2651 492 2724 exercitate
506 2652 681 2746 aggred1‚
699 2651 813 2722 tanus
828 2666 1050 2742 tamquern
1112 2655 1135 2746 J
1186 2673 1205 2706 .=
1257 2703 1261 2710 ,

48 2751 229 2845 signibus
246 2753 365 2847 copiis
377 2765 573 2844 paratum3
587 2753 619 2821 si
632 2775 731 2846 qua
722 2776 815 2825 nero
831 2764 871 2822 te
883 2752 1049 2844 suspicio

49 2867 163 2923 tenet
173 2852 418 2965 insidiarunr,
446 2877 530 2946 quae
540 2853 612 2924 tibi
626 2853 886 2946 proficiscenti
900 2867 1050 2923 struan-

49 2965 140 3042 tur,
177 2976 241 3034 me
268 2956 340 3026 tibi
366 2954 548 3026 c'omitern
564 2955 781 3052 „adjungam
810 2977 900 3026 cum
930 2951 1052 3053 copiis

47 3055 175 3145 meis,
217 3070 333 3148 atque
358 3056 492 3149 priscis
514 3056 651 3148 utique
676 3053 917 3148 temporibus
933 3055 1049 3130 baud

48 3179 194 3250 parum
212 3158 359 3228 roboris
375 3157 558 3228 accedere
571 3159 696 3228 visum
711 3169 796 3246 est,
813 3154 938 3228 sicubi
948 3158 1048 3250 piru·

48 3273 103 3326 tae
128 3261 323 3330 locrenses
347 3259 587 3354 principibus
608 3281 650 3328 se
671 3257 949 3346 adjunxerunt3
984 3259 1048 3327 de·
1136 3291 1164 3306 -·

50 3381 142 3428 cem
165 3360 240 3429 'tibi
256 3381 370 3436 naves
396 3360 563 3458 tradam,
591 3359 718 3430 aviris
735 3359 926 3452 armisque
949 3360 1046 3442 bene
1120 3373 1125 3388 ‘

49 3453 273 3532 instructas.
334 3461 493 3552 Accepit
519 3460 778 3532 conditionem
802 3483 879 3530 rex.
948 3461 1047 3532 Cum
1107 3503 1142 3551 ,-

48 3583 144 3630 vero
168 3562 352 3640 classiarii
370 3561 514 3636 famam
536 3563 660 3632 exorti
681 3562 775 3631 belli
797 3563 1047 3653 accepissent,

49 3663 129 3734 hoc
149 3664 270 3757 magis
291 3663 476 3755 fremere,
504 3662 607 3754 quod
630 3662 765 3734 taeduit
791 3685 880 3752 eos,
903 3662 1047 3732 diutius

48 3763 109 3832 ibi
125 3778 278 3854 paratos
303 3764 444 3834 frustra
461 3765 616 3856 morari.
671 3769 755 3859 Quo
777 3763 950 3859 cognito,
977 3786 1046 3833 rex

51 3861 196 3937 olavus
210 3865 271 3936 die
284 3866 452 3958 *quodam
469 3865 640 3937 militurn
651 3865 848 3936 ¹concione
865 3887 1046 3947 convoca-
1083 3926 1084 3932 ,

49 3978 114 4052 ta,
141 3988 299 4060 surgens
310 3969 364 4038 ita
377 3967 491 4052 verba
506 3965 617 4036 fecit:
643 3966 822 4036 omnibus
835 3966 929 4036 meis
943 3965 1045 4048 rnili-

46 4066 155 4148 tibus
172 4068 314 4166 gratias¹
322 4089 437 4164 agere
452 4069 539 4142 volo
556 4091 627 4162 pro
646 4069 831 4138 comitatu
846 4071 874 4138 8ι
887 4068 1043 4157 riutilio,

51 4287 79 4355 ²⁶)
94 4292 146 4340 vira
158 4291 255 4341 certior
268 4286 357 4356 fieret,
377 4289 411 4342 B.
451 4267 779 4372 varryarqimndvenfrat,
801 4286 833 4343 G.
