2634 4682
361 342 452 442 114
650 384 932 428 ..-........·
1162 301 1264 432 inc.

296 582 421 670 novit,
446 575 641 671 exposuit,
667 573 810 648 Finnus
831 585 963 648 autern
980 577 1154 652 vicissim
1177 581 1209 652 ei
1229 581 1265 650 de

298 685 428 758 Thore
444 686 472 749 &
489 680 633 768 Odine,
661 699 871 767 eorumque
886 681 1006 774 gestis
1018 683 1167 770 bellicis
1180 696 1265 750 retu·

297 785 355 856 lit.
412 781 539 872 Opilio
554 778 757 870 loquitur:
789 775 898 849 video
920 793 959 851 te
985 781 1062 850 cito
1078 784 1177 852 hanc
1198 807 1268 852 rem

271 927 273 940 ·
297 882 397 954 mihi
421 881 638 950 intricatam
659 874 840 968 reddere,
864 905 953 950 vero
969 897 1102 953 autem
1121 883 1266 952 similius

189 970 192 983 ’
299 997 376 1072 est,
420 982 452 1050 si
481 981 705 1073 episcopum
728 971 904 1051 nostrum
932 985 1173 1073 conveneris,
1215 983 1269 1075 qui

297 1083 402 1155 haud
410 1083 546 1173 procul
558 1080 649 1150 hinc
664 1083 787 1170 abest,
814 1085 1269 1172 tenonsolastultitiaaut

297 1185 464 1253 vanitate
489 1205 600 1276 posse
622 1181 738 1250 illum
760 1182 934 1274 eludere,
961 1185 993 1252 is
1014 1187 1120 1256 enim
1141 1186 1209 1254 tibi
1233 1185 1270 1252 de

297 1285 373 1357 lide
393 1284 492 1368 scitu
510 1282 683 1375 digniora
696 1281 840 1373 tradet,
868 1306 985 1374 quam
1006 1289 1105 1380 ego.¹
1142 1287 1270 1358 Firmus

92 1377 93 1388 ¹
199 1394 214 1452 ’.
299 1386 462 1456 adhaec:
489 1382 807 1476 quidisthocest,
828 1385 1068 1477 episcopium
1085 1384 1271 1458 vestrum?

184 1496 187 1506 “
297 1501 433 1556 utrum
445 1487 561 1554 horno
578 1498 652 1573 est,
677 1506 726 1551 an
741 1433 845 1553 11111111
863 1486 1031 1558 animal?
1083 1487 1211 1581 Opilio
1225 1509 1272 1554 re

244 1581 262 1662 ζ’
297 1588 456 1687 ponit:
454 1583 626 1654 nondum
639 1598 678 1653 te
694 1584 855 1655 stultitia
870 1587 1051 1686 deseruit,
1066 1602 1272 1683 atqueputo
1310 1657 1311 1664 χ

248 1671 263 1707 ”
298 1705 338 1758 te
361 1667 546 1757 stolidum
570 1697 637 1754 aut
652 1683 802 1755 fatuum
825 1709 926 1778 esse,
953 1689 1029 1762 nisi
1044 1702 1126 1760 tam
1147 1692 1273 1760 stultus

146 1793 149 1801 '
240 1823 245 1829 ⁷
299 1788 453 1877 nensis,
480 1809 596 1878 quarn
611 1798 651 1854 te
667 1777 842 1874 simulas·
857 1789 923 1858 sed
937 1790 1163 1905 episcopum
1179 1813 1273 1860 voca·

155 1893 157 1902 ’
299 1913 386 1962 mus
403 1903 595 1958 rectorem
609 1899 648 1955 et
665 1835 866 1960 ductorein
886 1892 984 1960 sacri
1001 1906 1123 1960 coetus
1138 1889 1273 1961 christi·

207 2037 210 2044 ·
299 1991 374 2062 ani.
437 1989 579 2062 Finnus
601 2009 640 2056 se
659 2011 750 2062 ourn
767 1992 1089 2065 conveniretelle
1107 1992 1270 2062 ostendit.

240 2175 243 2185 Α
298 2091 451 2164 Deinde
474 2090 697 2182 episcopum
718 2091 896 2161 convenit
910 2117 1077 2185 eumque
1094 2094 1271 2162 salutarit.

297 2189 507 2284 Episcopus
526 2190 716 2282 quaesivit,
743 2191 1027 2282 quihominurn
1044 2208 1156 2264 esset.
1216 2193 1276 2261 Ille

299 2316 340 2361 se
354 2297 388 2366 N
392 2289 575 2384 orv'egum
594 2291 698 2360 dixit.
753 2292 983 2384 Episcopus:
1010 2293 1053 2364 in
1068 2318 1187 2386 quern
1209 2317 1276 2363 cre·

301 2392 383 2463 dis?
420 2435 422 2440 ·
442 2397 470 2464 F
472 2392 605 2461 innus:
619 2429 624 2434 ·
638 2392 681 2462 in
694 2393 868 2466 Thorern
886 2409 925 2464 et
945 2395 1130 2483 Odinem,
1158 2410 1202 2464 ut
1219 2417 1275 2463 cae·

287 2494 375 2564 'teri
394 2491 569 2584 Norvegi.
623 2495 851 2584 Episcopus:
887 2497 989 2565 mala
1008 2496 1091 2564 haec
1107 2496 1201 2565 fides
1219 2507 1276 2580 est,

204 2671 208 2682 ,
301 2609 415 2685 atque
430 2596 502 2664 alia
517 2593 677 2663 meliore
693 2608 732 2665 te
751 2595 1006 2666 imbuendum
1020 2598 1175 2666 curabo.
1203 2599 1228 2666 F
1231 2596 1277 2664 in-

299 2718 389 2766 nus:
418 2695 671 2783 comperiam,
707 2699 795 2765 cur'n
821 2695 1020 2786 audivere,
1057 2721 1107 2768 an
1129 2722 1173 2766 ea
1194 2695 1276 2763 fides

218 2861 221 2866 .
299 2796 399 2866 mihi
414 2796 553 2864 melior
567 2795 759 2881 videatur,
785 2819 920 2888 curve,
948 2813 1096 2890 queso,
1129 2797 1276 2868 11111111-

218 2947 225 2956 .
301 2895 1277 3010 demmeperaliospotiusdocerecogitas,quamearn

299 2997 418 3087 mihi,
444 2997 579 3090 teipso
598 2997 778 3087 docente,
806 2998 1029 3071 ostendere?
1076 3001 1275 3113 Episcopus

248 3109 251 3117 “
302 3122 392 3168 eum
408 3047 634 3192 ⁷presbytero
658 3049 812 3168 cuidain
830 3099 1004 3189 tradidit,
1016 3100 1220 3198 jussitque
1241 3109 1276 3166 ut

300 3197 417 3268 fidem
447 3221 538 3268 eum
562 3200 736 3292 doceret,
756 3202 919 3276 Firmus
943 3221 1035 3270 vero
1061 3201 1274 3292 presbytero

300 3299 429 3370 omnia
456 3300 640 3392 impedita
661 3299 846 3391 reddidit,
881 3301 934 3372 ita
952 3313 998 3370 ut
1013 3301 1113 3370 nihil
1136 3302 1274 3370 efficere

298 3413 446 3494 posset,
467 3401 836 3496 quarepresbyterus
853 3403 1032 3495 episcopo
1048 3401 1274 3494 significavit,

298 3503 402 3572 hunc
421 3501 620 3570 hominem
639 3502 733 3572 adeo
748 3527 828 3573 esse
846 3503 1040 3582 difficilem
1056 3516 1096 3570 et
1113 3504 1273 3611 stulturn,
1308 3563 1309 3580 ,

208 3621 218 3636 ’
300 3617 345 3670 ut
363 3602 463 3672 nihil
485 3601 631 3696 negotii
654 3625 743 3672 curn
770 3629 814 3673 eo
834 3601 1264 3672 communicandum't
1223 3615 1271 3692 st.

302 3703 373 3771 Cui
391 3701 608 3794 episcopus:
636 3702 668 3771 is
672 3695 787 3772 mihi
802 3705 864 3774 hio
887 3705 1002 3772 homo
1021 3703 1193 3792 ridetur,
1219 3698 1309 3790 quil

299 3825 378 3874 non
393 3817 471 3872 tem
485 3805 644 3890 stultus,
673 3829 787 3898 quom
799 3804 904 3884 mirre
919 3802 1056 3872 indolis
1071 3806 1132 3874 sit.
1187 3808 1273 3876 Turn

114 3951 120 3970 .
185 3917 187 3927 ¹
295 3907 503 3995 ¹episcopus
526 3929 562 3972 er
551 3904 722 3990 referre
739 3920 777 3973 et
793 3928 1018 3996 enumerare
1035 3907 1154 3996 coepit
1173 3903 1271 3972 mirt-

214 4029 218 4050 1
302 3993 388 4074 culn
406 4004 468 4071 dei
483 4005 774 4102 omnipotentis,
800 4006 955 4074 tondent
973 4005 1117 4075 Finnus
1136 4008 1271 4075 locutus

302 4119 359 4171 est
372 4131 384 4170 :⁴
416 4104 496 4172 hoec
514 4127 671 4194 prorsus
689 4107 799 4178 aliter
817 4131 856 4174 se
874 4107 1033 4196 habent,
1062 4131 1179 4198 quarn
1203 4121 1270 4194 quae

300 4217 389 4274 ente
406 4204 542 4295 audivi,
560 4207 686 4303 nullos
702 4208 790 4278 deos
802 4222 878 4278 tarn
887 4221 1066 4302 potentes
1078 4231 1161 4276 esse
1173 4223 1267 4300 quam
