2628 4678
37 387 258 468 cst-tt·x
395 379 669 472 ··,·“··’“·
807 375 961 478 χ177
1080 451 1099 522 .,

34 625 134 697 vera,
165 611 436 684 tam'vastum'
449 603 498 682 ad
521 597 724 680 Islandiam
742 603 1031 701 peragrandum-

36 735 108 780 esse
124 731 245 802 mare,
278 726 324 782 nt
346 711 455 782 nulla
470 707 618 779 ratione
640 705 760 800 possit
774 719 902 780 tantus
917 731 1025 784 exer·
1046 748 1050 754 ·

36 814 123 881 citus
142 811 280 907 juncta,
293 813 410 882 classa
427 809 502 882 ire:
525 810 646 882 Danis
665 821 850 900 praeterea
872 807 1025 906 ignotos

37 937 106 982 esse
120 914 489 1006 portus,upopulum
509 931 599 982 vero
614 924 728 980 tarra
747 931 876 982 acrem
891 927 931 982 et
954 913 1026 986 dif-
1134 957 1139 961 -

35 1013 177 1084 ficilem:
229 1009 332 1086 Hidc
349 1015 492 1083 factum
509 1025 578 1104 est,
601 1027 647 1081 ut
662 1033 684 1081 a
702 1009 939 1104 proiectione
961 1014 1027 1086 de·

38 1116 176 1184 sisteret
214 1137 283 1185 rex
315 1115 542 1192 Danodnmt
574 1111 713 1193 deinde
729 1127 919 1186 *austrum
942 1129 1027 1190 ver·
1186 1137 1229 1220 *l
1262 1161 1267 1178 ,

38 1237 90 1286 sus
107 1215 318 1288 secundum
326 1227 471 1286 terram
486 1211 613 1304 copias
631 1209 751 1304 duxit,
766 1228 884 1304 atque
896 1212 940 1284 in
949 1219 1027 1290 Da·

8 1367 10 1374 ,
38 1317 321 1390 niamreversus
343 1329 411 1386 est.
462 1313 600 1386 Hakon
615 1315 724 1400 “vero
755 1311 913 1408 dynasta
929 1317 1028 1390 Nor*

39 1417 146 1511 vagire
174 1411 397 1508 imperavit,
419 1429 640 1507 totamque,
667 1415 782 1508 qnam
802 1413 1027 1491 incenderat
1099 1441 1105 1452 ·

41 1531 72 1582 et
85 1529 291 1601 vastaverat
305 1515 373 1587 r‘ex
392 1509 604 1607 Havaldus,
630 1527 773 1587 terram
788 1518 1025 1612 restauravit,

40 1619 135 1689 nulla
157 1641 247 1688 vero
260 1617 402 1688 tributa
418 1619 620 1688 Danornm
641 1616 725 1713 regi
739 1629 872 1709 postea
888 1614 1012 1692 solvit
1034 1570 1070 1827 x
1157 1612 1161 1620 ’

219 1721 338 1810 Origo
359 1717 578 1813 piritorum
593 1716 843 1790 Jomensium.

84 1818 171 1910 Cap.
186 1824 238 1891 84.
274 1817 409 1908 Svein,
435 1816 595 1890 Havaldi
618 1815 719 1913 regis
737 1815 860 1908 filius,
893 1832 1028 1911 postea

43 1914 154 1990 dictus
172 1918 463 2009 «Furcobarbu's,
497 1918 590 1990 dum
610 1915 866 2008 adolescebat,
893 1919 1030 1992 educa·

8 2071 9 2074 ,
42 2031 96 2088 tus
129 2033 188 2090 est
212 2019 315 2112 apud
341 2033 542 2112 potantem
556 2045 560 2050 ·
576 2017 768 2112 quendam
799 2018 1028 2113 principem,

45 2120 97 2188 cui
111 2143 254 2192 nomen
271 2121 526 2210 Paluatoltius,
550 2120 692 2192 Fioniae
708 2118 901 2216 praefecto.
954 2117 1029 2216 [Ut

45 2235 160 2317 autem
178 2222 476 2314 adolevitSvein‚
502 2242 671 2318 regnum
686 2242 708 2291 a
722 2233 832 2313 patre
849 2241 921 2292 sno
942 2244 1028 2316 pos·

45 2320 212 2406 tulavit13
246 2323 434 2394 Haraldus
469 2345 559 2394 varo
588 2343 655 2392 rex
679 2334 765 2393 tum
790 2343 870 2390 non
893 2325 1047 2420 magis,
1107 2403 1116 2424 x

47 2443 150 2509 quam
164 2436 285 2515 antea,
302 2445 466 2518 regnum
478 2421 614 2496 Daniae
629 2420 765 2516 partiri
776 2421 911 2513 coluit,
925 2424 1030 2493 unde
1113 2459 1116 2465 ’
1157 2445 1171 2478 ··

47 2522 146 2592 Svein
157 2526 308 2595 nullam
320 2525 367 2593 ab
381 2548 427 2595 eo
442 2525 632 2596 ditionem
645 2523 805 2614 adeptus
814 2535 888 2592 est.
923 2521 1029 2598 Tum

48 2623 146 2692 Svein
159 2647 272 2698 naves
288 2625 447 2696 bellicas
460 2623 532 2698 sibi
546 2617 799 2719 compaiavit,
827 2623 972 2721 dicens,
987 2649 1029 2697 sa
1057 2678 1059 2687 -

48 2724 233 2812 piraticam
264 2725 477 2809 facturum
495 2725 598 2798 ‘cum
622 2741 752 2797 autem
784 2723 906 2816 copia
945 2727 1030 2815 ejus

49 2828 306 2916 convenissent,
328 2849 442 2908 naves
463 2847 549 2898 suas
569 2823 617 2898 ad
633 2821 862 2917 Sjalandiam
877 2823 1029 2918 direxit,

49 2941 147 3016 atque
180 2928 409 3016 Isaijdrdum
440 2928 616 3013 intravit3
643 2927 732 2998 heic
768 2928 804 3000 ei
826 2949 866 2998 se
883 2927 1032 3006 socium
1091 2967 1094 2974 ,

51 3026 178 3096 addidit
204 3029 484 3118 Palnatokius‚'
505 3029 696 3100 nutricius
730 3048 842 3120 suus,
881 3030 1033 3128 magnis
1141 3029 1147 3038 '

52 3123 246 3199 instructus
265 3130 396 3222 copiis.
451 3132 596 3203 Eodem
606 3129 648 3201 in
663 3129 750 3200 sinu
763 3130 924 3201 classem
940 3149 1033 3201 cum

54 3229 155 3316 copiis
184 3230 399 3322 inanc‘oris
427 3231 558 3312 tenuit
585 3253 654 3301 rex
682 3227 893 3322 Haraldus,
922 3243 1034 3322 pater
1138 3252 1151 3264 ·

54 3324 192 3418 Sveini's,
208 3329 257 3401 ad
269 3332 471 3424 piraticam
486 3331 867 3424 excurrercparatus.
917 3331 1033 3402 Svein

56 3441 183 3513 patrem
197 3434 330 3524 proelio
347 3431 537 3518 aderitum
563 3434 606 3503 iit
626 3433 723 3504 acris
737 3453 875 3529 pugna.
929 3435 1034 3505 Tum
1079 3431 1097 3451 ⁹

58 3525 93 3593 ad
118 3522 326 3602 Haraldum
354 3549 484 3632 regem
514 3533 632 3625 copie
661 3535 949 3623 confluxerunt,
987 3547 1034 3602 nt

59 3624 152 3699 Svein
178 3634 297 3724 copiis
318 3635 478 3705 inferior
505 3635 716 3729 aufugeret.
778 3633 876 3706 Heio
897 3647 1034 3706 nactas

60 3740 105 3793 ast
116 3754 175 3800 rex
190 3729 376 3806 Haraldus
389 3737 558 3824 vulnera,
584 3729 722 3829 quibus
738 3733 852 3824 obiit,
878 3733 1033 3818 dicitur·
1118 3791 1130 3815 ,

61 3831 367 3914 quepalnatokius
382 3836 512 3908 eihaec
527 3841 685 3908 vulnera
701 3835 894 3907 inflixisse.
947 3836 1034 3907 Pal·
1086 3916 1089 3922 ,
1123 3873 1126 3890 ·

43 3931 214 4012 ,natokius
231 3955 310 4008 erat
326 3935 426 4008 filius
442 3939 632 4028 Palneris,
664 3935 779 4012 Tokii
796 3937 888 4032 filii,
918 3952 958 4032 et
972 3937 1034 4006 In·
1080 3938 1095 4000 .’
1149 3958 1151 3963 ’

64 4025 238 4129 diffinget,
263 4037 351 4108 filiae
370 4039 525 4134 Ottaris,
551 4037 703 4114 Gothiae
719 4035 896 4132 dynastas.
949 4031 1033 4134 ¹Pal·
1100 4039 1103 4047 '
1215 4067 1216 4072 ¹

64 4130 312 4160 ''Qu—...-

103 4159 122 4222 ¹)
138 4179 152 4212 ι
166 4165 235 4244 tigno
255 4165 344 4233 [add.
362 4169 395 4220 Β.

100 4241 151 4298 Vol.
166 4254 192 4302 11
737 4210 753 4238 Ἰ
791 4240 838 4316 M
